2350 3580
595 694 662 738 456
888 693 988 726 MUL
994 693 1177 727 TIPLICA
1184 693 1262 726 1⁸10
1288 692 1572 727 SPECIERUM.

598 783 775 820 Similiter
792 788 829 820 et
847 782 912 818 lux
929 787 1053 829 potest
1070 784 1108 819 in.
1123 783 1308 829 aliquibus
1327 784 1542 829 corporibus
1566 782 1663 830 aptis
1683 781 1871 829 complere

598 840 770 878 effectum
788 851 903 884 suum,
914 846 955 876 ut
972 839 1039 877 lux
1057 839 1143 876 solis
1154 840 1318 887 complet
1335 840 1505 877 effectum
1523 841 1558 877 in
1576 851 1729 888 corpore
1746 840 1874 888 plane-

598 906 719 935 tarum
737 902 775 935 et
790 897 979 934 stellarum
997 902 1033 934 et
1051 897 1221 941 nubibus,
1234 898 1285 933 ita
1302 898 1403 944 quod
1414 898 1631 935 sufficienter
1643 904 1818 945 generata
1836 899 1874 933 in

598 957 650 992 eis
688 959 811 1002 potest
843 955 961 991 facere
994 957 1042 991 ad
1077 955 1245 991 inferiora
1288 966 1392 991 suam
1432 956 1592 1002 speeiem
1625 960 1664 992 et
1696 957 1872 991 virtutem

599 1013 817 1057 efficaciter:
850 1018 890 1049 et
912 1012 950 1048 in
977 1012 1125 1048 flamma
1152 1019 1191 1049 et
1223 1012 1382 1049 carbone
1405 1012 1578 1049 similiter.
1630 1013 1738 1050 Unus
1774 1012 1872 1048 enirn

599 1071 720 1108 sumus
737 1070 986 1107 inflammatus
1003 1070 1186 1107 illuminat
1203 1070 1315 1106 alium
1343 1075 1381 1106 et
1403 1083 1459 1107 rea
1481 1070 1625 1113 multas,
1643 1077 1682 1108 et
1705 1070 1875 1107 similiter

599 1129 710 1164 carbo
731 1128 959 1164 illuminatus
975 1128 1065 1164 alias
1083 1140 1139 1164 res
1154 1128 1339 1164 illuminat
1363 1129 1394 1163 ei
1412 1128 1567 1174 junctas,
1586 1133 1627 1164 ut
1643 1128 1876 1174 compleatur

599 1187 739 1232 species
765 1185 855 1222 lucis
880 1187 915 1221 in
941 1186 1003 1221 eis.
1057 1184 1170 1221 Color
1194 1191 1319 1222 autem
1353 1198 1427 1222 non
1456 1188 1507 1221 sic
1541 1192 1674 1232 potest,
1704 1185 1875 1232 quamvis

599 1244 730 1290 aliquis
766 1243 866 1280 color
906 1243 1010 1279 fortis
1050 1243 1160 1280 faciat
1192 1243 1403 1280 sensibilem
1447 1244 1616 1290 speeiem,
1648 1254 1745 1289 quae
1776 1243 1875 1279 bene

599 1306 766 1348 apparet,
792 1302 988 1348 praecipue
1010 1301 1048 1336 in
1070 1301 1228 1337 obscuro
1250 1301 1361 1347 juxta
1383 1301 1525 1336 radium
1547 1300 1647 1344 lucis,
1671 1301 1764 1337 sicut
1786 1312 1875 1337 con·

599 1359 708 1405 tingit
733 1360 781 1394 de
806 1359 987 1394 coloribus
1010 1359 1165 1394 fortibus
1190 1359 1377 1402 vitrorum,
1403 1359 1552 1405 quando
1586 1371 1652 1406 per
1678 1371 1723 1395 ea
1752 1360 1876 1395 radius

600 1416 732 1452 transit
766 1416 892 1452 solaris
923 1416 1152 1453 sensibiliter.
1203 1415 1279 1453 Sed
1313 1416 1383 1452 hoc
1419 1417 1629 1462 expositum
1663 1422 1719 1452 est
1762 1417 1874 1464 prius.

602 1471 708 1507 Odor
730 1483 815 1506 vero
841 1483 916 1506 non
941 1471 1102 1519 complet
1125 1472 1285 1517 speciem
1312 1472 1396 1516 quia
1422 1471 1510 1507 illud
1534 1473 1634 1519 quod
1661 1472 1878 1519 relinquitur

601 1533 708 1564 extra
726 1528 914 1564 odorabile
941 1527 1083 1565 sortiter
1110 1530 1310 1564 immumns
1330 1541 1476 1564 sensum
1503 1535 1558 1565 est
1585 1530 1705 1565 sumus
1731 1530 1878 1566 subtilis

604 1586 782 1623 resolutus
799 1597 866 1632 per
887 1586 1045 1622 calidum
1072 1591 1180 1622 extra
1203 1586 1259 1622 vel
1288 1586 1392 1626 intra,
1410 1592 1447 1623 et
1470 1598 1543 1623 non
1565 1594 1621 1623 eet
1643 1587 1783 1634 species
1809 1598 1878 1624 nec

601 1643 755 1679 effectus
792 1643 997 1689 completus
1039 1644 1172 1687 odoris,
1209 1643 1273 1678 sed
1316 1654 1447 1689 corpus
1487 1645 1675 1689 quoddam
1717 1646 1754 1681 in
1796 1656 1878 1682 &se

604 1701 775 1747 specifico
792 1701 990 1736 adorabilis
1012 1701 1263 1744 constitutum,
1279 1702 1379 1747 quod
1403 1702 1534 1737 dividit
1556 1707 1681 1748 partes
1705 1703 1815 1738 medii
1838 1709 1878 1738 et

604 1761 747 1795 obtinet
764 1757 883 1794 locum
902 1758 997 1794 inter
1021 1758 1134 1794 latera
1157 1758 1385 1794 continentis.
1436 1758 1556 1805 Sapor
1581 1771 1665 1795 vero
1692 1772 1763 1795 non
1789 1760 1878 1796 facit

603 1823 710 1852 extra
727 1827 766 1852 se
781 1816 941 1863 speciem
961 1827 1028 1852 nec
1045 1816 1205 1861 complet
1223 1827 1316 1858 eam,
1334 1816 1419 1852 licet
1443 1827 1576 1863 magna
1597 1817 1646 1852 sit
1669 1818 1880 1853 immutatio

604 1879 732 1919 gustus
750 1885 816 1920 per
832 1885 1012 1919 saporem,
1026 1874 1112 1919 quia
1128 1885 1241 1920 sapor
1253 1885 1325 1908 non
1345 1874 1516 1910 immutat
1531 1874 1623 1910 bene
1641 1875 1707 1910 nisi
1726 1883 1881 1921 propter

602 1931 859 1967 'humiditatem
890 1930 1077 1966 salivalem
1108 1931 1165 1967 cui
1190 1931 1458 1974 commiscetur.
1481 1937 1518 1967 et
1545 1944 1612 1978 per
1635 1944 1747 1978 quam
1768 1945 1880 1979 sapo-

604 1988 719 2024 rabile
744 1987 934 2024 resolvitur
959 1994 1000 2024 ut
1026 1987 1154 2023 fortius
1181 1988 1361 2024 immutet.
1414 1988 1534 2025 Sonus
1563 2000 1652 2025 vero
1685 2002 1758 2025 non
1792 1990 1880 2026 facit

604 2044 776 2081 effectum
801 2046 1039 2091 completum,
1074 2056 1157 2080 curn
1184 2056 1252 2080 nec
1285 2047 1451 2081 videatur
1483 2046 1603 2082 facere
1634 2049 1807 2094 speciem,
1838 2054 1880 2085 ut

604 2109 744 2138 tactum
770 2108 826 2138 eet
858 2101 992 2148 prius1.
1061 2102 1112 2138 Et
1139 2114 1223 2138 cum
1252 2102 1322 2138 hae
1347 2102 1545 2148 qualitates
1580 2105 1767 2140 sensibiles
1807 2116 1880 2140 non

606 2171 735 2196 omnes
759 2159 899 2195 faciunt
926 2160 1094 2196 effectum
1121 2160 1360 2206 completum,
1387 2159 1503 2196 multo
1536 2162 1652 2207 magis
1687 2174 1754 2198 nec
1787 2161 1880 2198 aliae

608 2217 806 2265 qualitates⁴
830 2218 866 2252 in
892 2218 1010 2262 prima
1034 2217 1157 2262 specie
1181 2222 1219 2252 et
1243 2219 1407 2253 secunda
1432 2224 1470 2252 et
1498 2225 1640 2263 quarta.
1692 2218 1880 2266 Quoniam

605 2281 730 2311 autern
748 2287 823 2310 non
841 2280 954 2321 agunt
972 2280 1037 2310 aut
1057 2275 1174 2310 minus
1190 2276 1332 2310 activae
1348 2279 1432 2310 sunt
1452 2275 1485 2310 in
1505 2287 1561 2311 res
1574 2281 1691 2318 extra,
1705 2282 1743 2311 et
1764 2277 1883 2312 multo

605 2333 726 2369 minus
741 2342 799 2368 res
815 2331 908 2367 aliae
926 2331 1286 2377 praedicamentales,
1306 2331 1390 2368 ideo
1412 2331 1492 2368 sola
1514 2338 1671 2378 quatuor
1692 2333 1883 2380 tangibilia

606 2396 642 2425 et
661 2389 725 2438 luqt
741 2390 911 2424 videntur
929 2400 1037 2435 posse
1054 2389 1239 2435 complere
1259 2400 1345 2424 suos
1366 2389 1516 2424 effectus
1534 2395 1643 2424 extra
1658 2380 1719 2427 ses
1762 2390 1813 2427 Et
1830 2391 1883 2427 sic

605 2447 821 2482 terminatur
839 2447 959 2492 prima
977 2457 1061 2492 pars
1079 2447 1183 2481 istius
1196 2451 1490 2492 tractatus,quae
1507 2453 1563 2483 est
1581 2448 1626 2482 de
1643 2448 1883 2493 generatione

604 2504 748 2550 speciei.

1048 2586 1057 2603 ²
1077 2586 1165 2622 prius,
1181 2586 1216 2614 εἴ.
1230 2595 1279 2622 pp.
1290 2587 1427 2622 4ι8-4ι9.
