2350 3580
620 727 983 761 PERSPECTJVAE
1008 727 1138 760 PARS
1162 726 1385 760 SECUNDA
1401 738 1414 758 .-
1451 727 1572 760 DIST.
1603 727 1652 759 ΙΙ.
1726 735 1772 770 95

496 818 639 856 axibus.
657 825 698 855 ut
721 829 768 859 nu,
786 818 886 865 quod
906 817 1090 855 videbitur
1111 818 1185 853 duo
1210 823 1362 864 propter
1385 817 1595 853 sensibilem
1621 817 1773 853 diversi·

496 880 613 911 tatem
626 876 751 922 anguli
768 887 878 922 quem
895 875 1085 912 constituit
1103 876 1139 911 in
1157 875 1284 917 oculis,
1296 875 1471 921 quoniam
1487 879 1650 910 macest
1662 875 1773 921 longe

497 932 617 979 major
644 934 681 969 in
710 933 818 969 oculo
850 946 875 969 a
906 922 1017 979 quam
1052 945 1090 968 m
1112 932 1133 968 b
1153 945 1173 968 c
1200 935 1235 968 in

497 990 606 1027 oculo
624 991 667 1035 ὣςἸ
686 997 725 1027 et
741 991 826 1027 ideo
848 1003 921 1028 non
946 996 1069 1038 potest
1094 990 1236 1038 species

497 1053 652 1094 utraque
680 1053 832 1094 propter
860 1049 956 1084 hanc
983 1049 1234 1085 diversitatem

497 1107 621 1142 venite
661 1107 710 1142 ad
752 1108 907 1142 eandem
950 1112 1092 1154 partem
1133 1107 1234 1142 nervi

498 1164 715 1206 communis,
732 1164 797 1200 sed
819 1169 966 1210 oportet
992 1165 1093 1210 quod
1118 1163 1236 1210 major

498 1226 654 1268 occupet
670 1221 848 1267 majorem
861 1227 1002 1268 partem
1017 1223 1117 1257 nervi
1134 1233 1235 1257 corn-

499 1280 628 1322 munis,
655 1284 693 1314 et
723 1280 806 1314 ideo
839 1279 983 1314 videtur
1010 1280 1114 1322 visui,
1133 1280 1235 1325 quod

501 1347 535 1370 nr
557 1335 607 1372 sit
632 1336 716 1372 duo.
779 1336 830 1372 Et
858 1348 930 1372 non
954 1335 1073 1372 solum
1099 1336 1235 1372 accidit

499 1393 579 1435 hoc,
610 1394 764 1440 quando
800 1400 957 1440 punctus
997 1394 1094 1429 visus
1135 1394 1236 1430 cadit

499 1463 519 1486 a
553 1452 692 1487 dextris
724 1457 759 1487 et
786 1464 808 1487 a
837 1452 990 1487 sinistris
1021 1452 1159 1494 axium,
1187 1456 1229 1487 ut
1256 1463 1350 1487 nunc
1384 1451 1581 1497 figuratum
1614 1456 1679 1496 est,
1706 1453 1772 1487 sed

498 1510 650 1556 quando
675 1509 711 1545 in
738 1509 861 1555 aliqua
883 1510 1059 1545 distantia
1083 1510 1124 1545 fit
1150 1510 1283 1546 dexter
1307 1515 1474 1556 respectu
1497 1510 1605 1545 unius
1629 1509 1720 1551 axis,
1737 1516 1774 1545 et

498 1567 642 1604 sinister
658 1573 823 1613 respectu
841 1567 1000 1613 alterius,
1013 1567 1150 1603 scilicet
1168 1567 1268 1614 quod
1285 1567 1436 1614 quando
1451 1567 1545 1603 inter
1556 1577 1772 1602 concursum

499 1625 626 1661 aqurn
644 1625 742 1661 cadit
759 1624 818 1661 vel
835 1625 938 1668 ultra,
954 1630 996 1661 ut
1012 1631 1162 1672 apparet
1182 1625 1219 1661 iu
1234 1624 1363 1672 figura.
1414 1624 1513 1660 Nam
1536 1625 1567 1661 si
1585 1624 1772 1660 oculorum

499 1695 524 1718 α
550 1688 587 1717 et
616 1682 637 1717 b
661 1694 751 1718 axes
778 1682 937 1728 figantur
961 1683 1128 1729 diligenti
1155 1682 1361 1718 intentione
1392 1683 1427 1717 in
1461 1695 1481 1717 o

500 1746 642 1787 partem
663 1741 817 1776 visibilis
841 1753 877 1776 m
890 1753 910 1775 o
923 1753 957 1786 n,
974 1746 1063 1776 tunc
1079 1740 1223 1776 visibile
1239 1739 1264 1775 k
1283 1741 1374 1776 infra
1396 1752 1481 1776 con-

501 1809 645 1834 cursum
669 1799 796 1834 axium
821 1798 1008 1834 videbitur
1023 1798 1108 1844 duo,
1125 1804 1163 1834 et
1180 1797 1203 1833 h
1228 1797 1370 1834 visibile
1386 1798 1481 1834 ultra

500 1867 716 1892 concursum
746 1856 912 1892 similiter
941 1856 1125 1891 videbitur
1159 1857 1234 1892 duo
1270 1856 1481 1892 necessario.

500 1914 599 1949 Nam
618 1914 688 1949 hoc
715 1919 836 1959 potest
861 1914 1174 1959 experimentator
1199 1913 1365 1959 probare,
1385 1914 1482 1949 acci-

501 1971 637 2017 piendo
664 1983 777 2007 unum
795 1983 952 2007 asserem
977 1970 1185 2007 latitudinis
1202 1971 1308 2007 unius
1323 1971 1481 2016 palmae,

501 2035 538 2065 et
559 2028 801 2076 longitudinis
823 2035 990 2075 quatuor,
1008 2029 1063 2064 vel
1083 2029 1256 2076 quinque,
1272 2029 1330 2065 vel
1350 2040 1426 2073 sex,
1444 2034 1481 2065 et

501 2087 547 2121 sit
559 2087 766 2134 superficIes
775 2087 855 2132 ejus
866 2086 988 2128 laevis,
1001 2092 1038 2122 et
1048 2087 1204 2133 accipiat
1216 2087 1285 2121 tria
1296 2086 1483 2122 individua

498 2145 667 2187 visibilia,
692 2145 750 2180 vel
777 2145 826 2180 de
850 2155 934 2180 cera
959 2143 1017 2178 vel
1043 2145 1090 2179 de
1118 2145 1221 2190 ligno
1248 2142 1406 2179 formata
1434 2145 1482 2179 ad

499 2201 743 2247 quantitatem
757 2201 917 2248 supremi
930 2201 1072 2238 articuli
1087 2201 1192 2249 digiti
1205 2201 1356 2238 minoris
1369 2201 1405 2237 in
1419 2201 1533 2249 figura
1543 2202 1774 2249 pyramidali‚

499 2265 538 2294 et
561 2259 635 2295 sint
660 2259 906 2295 diversimode
928 2259 1079 2296 colorati
1103 2265 1254 2306 propter
1278 2259 1498 2295 evidentiam
1525 2260 1714 2307 majorem,
1736 2266 1774 2296 et

499 2317 646 2352 ordinet
675 2329 717 2352 ea
744 2318 941 2353 secundum
972 2317 1139 2353 ordinem
1166 2317 1276 2359 hok,
1306 2317 1356 2352 ita
1385 2318 1485 2362 quod
1516 2318 1564 2353 sit
1594 2317 1776 2353 sensibilis

501 2374 675 2410 distantia
701 2376 795 2410 inter
820 2387 873 2418 ea,
891 2381 930 2409 ut
952 2376 1113 2411 medium
1139 2387 1264 2410 eorum
1288 2376 1333 2410 sit
1361 2376 1396 2410 in
1419 2376 1538 2411 medio
1565 2376 1720 2421 tabulae,
1738 2382 1774 2411 et

1259 1315 1300 1339 m
1595 1312 1614 1334 c

1450 1363 1515 1390 Flo.
1529 1370 1575 1396 40.

1579 2127 1705 2162 1⁸30.ss-

498 2443 613 2468 unum
630 2432 783 2469 aliorum
801 2434 850 2468 sit
866 2433 901 2468 in
921 2434 1154 2469 extremitate
1174 2432 1324 2469 tabulae
1346 2433 1552 2479 remotiore,
1570 2440 1605 2469 et
1629 2433 1774 2469 tertium

499 2491 547 2527 sit
569 2490 608 2524 in
630 2490 752 2527 medio
776 2491 868 2527 iuter
890 2490 1052 2527 medium
1070 2491 1270 2525 videndum
1294 2496 1333 2527 et
1357 2491 1514 2533 oculum.
1530 2497 1567 2527 et
1590 2491 1716 2527 tabula
1738 2492 1774 2527 in

499 2549 735 2584 extremitate
751 2559 818 2583 sua
836 2554 1001 2594 respectu
1019 2549 1112 2584 oculi
1137 2549 1274 2584 habeat
1291 2549 1475 2594 quandam
1498 2549 1776 2594 concavitatem,

500 2611 541 2642 ut
569 2605 663 2641 bene
687 2606 807 2651 possit
833 2605 1008 2652 applicari
1039 2605 1164 2651 oculis,
1193 2612 1231 2642 et
1256 2606 1356 2652 quod
1383 2605 1508 2642 tabula
1538 2606 1655 2652 possit
1683 2609 1776 2643 bene

498 2663 675 2710 applicari
708 2675 818 2710 super
845 2662 1119 2700 extremitatem
1145 2664 1225 2700 nasi
1254 2665 1303 2700 ad
1327 2664 1465 2710 oculos,
1492 2670 1530 2701 et
1558 2669 1645 2700 tunc
1678 2665 1774 2701 oculi

500 2721 618 2766 figant
640 2733 731 2756 axes
755 2733 863 2766 super
883 2722 1043 2757 medium
1070 2722 1308 2766 individuum,
1327 2723 1425 2769 quod
1443 2722 1627 2758 videbitur
1652 2735 1775 2766 unum,

500 2784 539 2814 et
568 2784 765 2825 utrumque
795 2780 950 2815 aliorum
986 2781 1141 2815 duorum
1174 2780 1361 2815 videbitur
1390 2781 1476 2821 duo,
1506 2791 1592 2815 nam
1624 2780 1649 2816 k
1681 2786 1716 2816 et
1749 2781 1774 2816 k

498 2836 721 2873 videbuntur
739 2843 898 2884 quatuor
912 2844 950 2874 et
963 2851 984 2874 o
999 2837 1183 2874 videbitur
1201 2848 1325 2874 unum.

530 2984 707 3012 &Bruto-11
