2350 3580
445 1356 507 1386 The
519 1365 569 1394 ray
579 1357 605 1385 is

446 1393 567 1422 destruc·

444 1430 516 1458 tible
528 1430 585 1458 like

444 1466 525 1495 other

444 1500 592 1576 mua

1045 880 1217 923 PARS
1262 880 1479 923 SEXTA

839 1011 1357 1049 MULTIPLICATIONIS
1391 1011 1720 1049 SPECIERUM.

934 1144 1068 1192 Incipit
1083 1156 1168 1193 pars
1183 1152 1291 1181 sexta
1306 1145 1414 1193 hujus
1430 1137 1620 1182 tract'atus.

1119 1249 1370 1288 Currumm
1390 1250 1419 1286 1.

686 1345 823 1381 Dictor
841 1347 889 1382 de
930 1345 1167 1391 generatione
1208 1346 1339 1392 speciei
1380 1351 1418 1381 et
1460 1345 1782 1391 multiplicatione,
1824 1355 1912 1381 nunc

635 1403 831 1439 dicendum
849 1408 904 1439 est
917 1404 964 1440 de
973 1404 1218 1450 corruptione.
1257 1404 1308 1440 Et
1320 1409 1424 1450 patet
1437 1405 1519 1439 eam
1532 1415 1611 1439 esse
1622 1404 1913 1450 corruptibilem,

635 1461 721 1507 quia
737 1467 792 1498 est
812 1461 1040 1508 generabilis.
1090 1460 1211 1498 Omne
1236 1462 1334 1497 enim
1359 1461 1576 1508 generabile,
1593 1460 1652 1496 vel
1676 1462 1782 1507 quod
1807 1472 1912 1508 gene·

636 1524 745 1561 ratur,
763 1525 889 1556 natum
906 1524 963 1555 est
979 1519 1173 1565 corrumpi,
1189 1518 1284 1555 sicut
1304 1519 1523 1555 Aristoteles
1545 1524 1718 1560 testatur,
1736 1525 1775 1555 et
1795 1519 1911 1565 philo·

634 1577 767 1623 sophia
786 1577 990 1613 confitetur.
1042 1576 1137 1613 Item
1162 1587 1230 1612 nos
1246 1577 1414 1612 videmus
1437 1588 1502 1622 per
1523 1576 1795 1623 experientiam
1816 1577 1912 1623 quod

634 1634 843 1681 hujusmodi
860 1634 998 1681 species
1009 1640 1302 1681 corrumpantur,
1313 1639 1355 1670 ut
1366 1634 1491 1670 lumen
1509 1634 1545 1669 in
1562 1645 1647 1670 aere
1665 1635 1913 1681 corrumpitur

635 1697 765 1735 nocte;
791 1697 828 1727 et
845 1691 969 1727 lumen
986 1691 1093 1727 lunae
1108 1692 1354 1738 corrumpitur
1371 1692 1407 1727 in
1423 1691 1559 1738 eclipsi,
1576 1697 1613 1727 et
1630 1691 1684 1728 sic
1704 1693 1753 1728 de
1768 1693 1862 1728 aliis.

684 1749 872 1795 Si-autem
898 1748 1089 1795 objiciatur
1112 1750 1214 1795 quod
1239 1749 1450 1795 huJusmodi
1476 1749 1678 1795 speciebus,
1712 1756 1754 1786 ut
1781 1750 1854 1786 luci
1878 1756 1913 1786 et

636 1807 760 1843 multis
784 1807 873 1850 aliis,
895 1806 984 1842 nihil
1009 1812 1065 1842 est
1089 1807 1321 1844 contrarium.
1340 1818 1429 1853 ergo
1453 1818 1527 1842 non
1552 1809 1816 1854 corrumpitur,
1831 1820 1913 1843 cum

634 1866 753 1900 omnis
776 1865 964 1910 corruptio
988 1871 1044 1901 est
1073 1876 1138 1912 per
1169 1866 1403 1908 contrarium,
1431 1870 1472 1900 ut
1504 1876 1635 1900 omnes
1667 1864 1850 1912 allegant,
1878 1872 1913 1901 et

634 1923 857 1959 Aristoteles
872 1923 951 1958 vult
977 1922 1069 1958 libro
1089 1923 1137 1958 de
1153 1922 1243 1958 Vita
1260 1928 1297 1958 et
1318 1923 1438 1959 Morte
1454 1934 1463 1966 ;
1488 1923 1698 1965 dicendum,
1715 1924 1820 1970 quod
1839 1924 1914 1970 ipse

634 1981 746 2017 tertio
764 1980 867 2017 Coeli
885 1987 922 2016 et
942 1981 1071 2016 Mundi
1087 1981 1176 2017 dicit
1192 1982 1463 2027 corruptionem
1484 1979 1671 2025 duplicem
1688 1992 1782 2025 esse,
1805 1993 1913 2018 unam

635 2051 700 2084 per
723 2039 952 2082 contrarium,
977 2038 1087 2074 aliam
1113 2050 1178 2085 per
1199 2038 1384 2074 desectum
1411 2039 1460 2074 rei
1487 2038 1617 2074 debilis
1642 2039 1678 2074 in
1706 2038 1784 2075 se¹.
1837 2040 1912 2076 Sua

633 2107 722 2143 ergo
739 2097 947 2140 auctoritas,
962 2107 1074 2143 quam
1091 2096 1222 2141 vulgus
1245 2097 1420 2142 sequitur,
1437 2096 1531 2132 libro
1548 2097 1595 2131 de
1611 2097 1703 2132 Vita
1721 2104 1760 2133 et
1775 2097 1912 2139 Morte,

634 2153 869 2199 intelligenda
879 2159 934 2190 est
946 2154 993 2189 de
1003 2154 1233 2200 corruptione
1247 2153 1344 2190 facta
1353 2154 1402 2190 ab
1414 2154 1488 2190 alio
1502 2152 1679 2189 inserente
1690 2155 1912 2200 passionem.

635 2211 785 2258 Species
802 2218 925 2247 autem
943 2217 1094 2258 propter
1111 2211 1339 2247 debilitatem
1358 2212 1410 2246 sui
1428 2222 1507 2247 esse
1529 2222 1603 2246 non
1621 2212 1738 2248 habet
1754 2214 1856 2249 unde
1872 2224 1910 2249 se

633 2275 824 2305 conservet
853 2275 889 2305 et
917 2270 1000 2304 ideo
1026 2268 1160 2305 deficit.
1222 2269 1350 2315 Atque
1373 2270 1462 2315 quia
1486 2269 1523 2305 in
1547 2280 1678 2305 omnes
1708 2270 1912 2306 diametros

633 2326 709 2372 agit
727 2338 766 2362 se
783 2325 1072 2373 multiplicando,
1088 2327 1287 2362 destruitur
1302 2332 1339 2362 et
1356 2326 1569 2362 debilitatur
1584 2326 1619 2361 in
1640 2332 1789 2363 tantum
1810 2328 1910 2374 quod

634 2383 758 2419 deficit
782 2384 829 2419 ab
854 2385 1068 2430 operatione
1092 2390 1129 2420 et
1154 2385 1305 2420 tandem
1333 2385 1382 2420 ab
1409 2395 1499 2420 esse.
1551 2384 1752 2421 Caeterum
1780 2392 1910 2421 natura

634 2441 805 2487 patientis
836 2441 1004 2487 specifica
1037 2448 1125 2477 nata
1157 2448 1213 2478 est
1246 2442 1294 2477 ad
1323 2442 1545 2478 contrarium
1577 2442 1724 2488 speciei,
1758 2444 1790 2479 si
1824 2455 1911 2479 con·

669 2544 679 2561 ¹
697 2545 740 2572 De
757 2545 844 2579 Coelo,
863 2545 911 2573 lib.
932 2546 968 2572 iii.
991 2554 1053 2581 cap.
1073 2546 1093 2572 6
1111 2544 1169 2572 Δῦο
1187 2545 1215 2573 δὲ
1236 2544 1348 2581 τρόπους
1365 2545 1468 2581 ὁρῶμεν
1485 2544 1659 2580 φθειρόμενον
1675 2545 1708 2572 τὸ
1728 2545 1790 2581 ηὗρ’
1815 2546 1868 2574 Μ
1883 2556 1913 2573 u

629 2587 683 2623 γὰρ
704 2589 753 2616 τοῦ
774 2588 895 2616 ἐναντίου
914 2589 1048 2624 &cipum
1067 2588 1261 2622 σβεννύμενον,
1280 2588 1325 2616 ml
1342 2588 1411 2616 αὐτὸ
1430 2589 1475 2624 ὑφ’
1498 2589 1583 2616 αὑτοῦ
1606 2589 1810 2624 μαραινόμενον.
1849 2590 1913 2618 The

631 2640 710 2658 nme
728 2632 804 2670 view
823 2633 848 2659 is
871 2633 1007 2667 repeated
1026 2632 1054 2659 in
1073 2641 1135 2667 cap.
1155 2641 1182 2660 v.
1200 2632 1233 2659 os
1247 2632 1298 2660 the
1316 2633 1433 2659 treatise
1455 2632 1619 2667 previously
1641 2634 1762 2667 quoted,
1784 2634 1828 2661 De
1851 2634 1915 2661 Vin

630 2678 657 2701 ee
667 2673 764 2703 Morte.
802 2675 844 2703 ct
862 2680 930 2703 note
944 2685 982 2703 on
994 2684 1041 2711 pp.
1058 2683 1183 2711 113—114
1195 2675 1229 2703 os
1237 2676 1288 2703 Dr.
1303 2675 1402 2711 Ogle's
1414 2676 1589 2704 transl-tion.
