2350 3580
615 738 831 772 MORALJS
857 737 1185 772 PHILOSOPHJA
1201 750 1213 770 .·
1247 738 1374 772 PARS
1404 738 1586 772 TERTIA.
1667 747 1735 784 255

459 828 614 867 Platone
647 829 749 876 quod
782 828 891 865 nobis
926 827 1014 865 solis
1051 828 1129 865 nati
1163 839 1241 865 non
1278 839 1412 865 sumus.
1473 827 1588 865 Ortus
1620 828 1736 865 nostri

458 892 604 932 partem
626 887 748 932 patria
766 888 946 930 vendicat,
962 887 1098 932 partim
1120 887 1239 930 amici,
1256 892 1367 933 atque
1394 892 1435 922 ut
1461 886 1582 932 placet
1600 886 1735 923 stoicis

458 945 507 980 ad
541 956 649 980 usum
678 945 866 981 hominum
895 945 1019 980 omnia
1044 945 1170 987 emti,
1199 943 1367 980 homines
1400 944 1592 980 hominurn
1625 955 1736 980 causa

458 1012 540 1038 esse
573 1008 766 1048 generatos
799 1008 841 1039 ut
876 1002 947 1048 ipsi
980 1002 1076 1038 inter
1102 1013 1142 1038 se
1169 1001 1234 1039 alii
1268 1001 1348 1038 aliis
1376 1001 1552 1048 prodesse
1584 1001 1736 1049 possint.

461 1059 649 1106 Quoniam
684 1060 764 1106 ipse
799 1059 954 1101 Tunius.
988 1060 1119 1106 quinto
1150 1059 1463 1095 Academicorum
1497 1059 1603 1103 libro,
1638 1058 1738 1102 dicit,

463 1117 566 1153 Nihil
593 1123 647 1153 est
675 1123 750 1154 tam
777 1117 917 1153 illustre
943 1128 1057 1164 quam
1090 1117 1381 1153 communicatio
1413 1117 1625 1153 utilitatum.
1678 1117 1738 1152 In-

462 1181 590 1210 natum
610 1181 666 1211 est
683 1176 779 1211 enim
800 1174 941 1211 homini
959 1181 1001 1212 ut
1017 1171 1153 1211 habeat
1176 1174 1354 1221 quiddam
1376 1174 1481 1210 civile
1498 1181 1534 1210 et
1552 1173 1740 1221 populare,

467 1233 569 1278 quod
597 1231 728 1269 Graeci
744 1232 918 1280 palmi-on
938 1238 1083 1269 vocant.
1137 1232 1250 1270 Unde
1273 1233 1310 1268 in
1333 1232 1427 1268 libro
1447 1233 1495 1268 de
1511 1231 1601 1268 vita
1626 1232 1742 1268 Beata

462 1290 553 1337 dicit
570 1290 721 1332 Seneca.
743 1290 827 1326 Hoc
843 1291 994 1326 verbum
1017 1290 1179 1336 exigitur
1199 1290 1248 1325 ab
1265 1289 1412 1325 homine
1436 1294 1476 1325 ut
1493 1290 1609 1336 prosit
1626 1289 1743 1327 omni-

464 1348 534 1384 bus
559 1348 590 1384 si
617 1347 692 1383 fieri
719 1353 850 1394 potest.
875 1354 940 1384 aut
970 1346 1138 1390 multis¹;
1172 1349 1202 1383 si
1230 1349 1350 1383 minus
1383 1348 1532 1393 paucis;
1563 1348 1594 1383 si
1623 1348 1743 1383 minus

464 1406 666 1451 proximis;
690 1407 721 1442 si
741 1406 863 1442 minus
888 1405 969 1442 sibi.
993 1408 998 1413 ’
1019 1405 1259 1452 Quapropter
1284 1410 1431 1452 oportet
1456 1405 1556 1451 quod
1583 1405 1743 1441 secunda

463 1474 548 1510 pars
560 1463 770 1510 principalis
781 1463 1032 1510 philosophiae
1045 1463 1194 1509 moralis
1205 1464 1253 1499 sit
1263 1463 1312 1499 de
1323 1462 1465 1510 legibus
1476 1462 1743 1506 communibus,

465 1526 507 1556 ut
530 1521 757 1566 assignatum
782 1527 861 1563 est3
887 1526 924 1557 et
949 1521 1059 1556 tertia
1083 1522 1151 1556 erit
1176 1521 1225 1556 de
1251 1521 1323 1556 vita
1350 1525 1387 1556 et
1412 1520 1607 1556 honestate
1632 1531 1743 1566 quarn

464 1578 619 1624 quilibet
637 1578 748 1614 debet
768 1578 912 1615 sectari.
963 1578 1014 1614 Et
1034 1578 1105 1614 hoc
1128 1583 1186 1615 est
1204 1589 1333 1614 verurn
1359 1578 1560 1614 secundum
1581 1577 1743 1614 ordinem

464 1636 657 1682 dignitatis
690 1636 866 1681 Naturae,
890 1642 927 1673 et
951 1635 1163 1684 simplIciter
1188 1635 1387 1682 loquendo,
1413 1636 1498 1672 licet
1524 1634 1745 1672 Aristotelea

464 1694 562 1729 hunc
581 1694 732 1729 modum
750 1705 821 1729 non
836 1700 961 1730 teneat
974 1695 1010 1729 in
1024 1693 1125 1729 libris
1141 1693 1240 1737 suis;
1265 1694 1351 1741 quia
1364 1693 1531 1741 procedit
1545 1694 1743 1729 secundum

466 1753 566 1787 viam
586 1752 841 1797 inquisitionis,
857 1757 895 1788 et
913 1752 995 1788 ideo
1019 1753 1065 1788 ab
1085 1753 1139 1787 eis
1152 1763 1252 1798 quae
1268 1751 1411 1787 notiora
1434 1756 1519 1787 sunt
1541 1751 1647 1787 nobis
1670 1762 1746 1787 non

468 1815 633 1845 naturae.
684 1809 757 1846 Sed
787 1809 962 1856 quoniam
990 1808 1070 1855 jam
1104 1819 1232 1845 sumus
1267 1808 1455 1845 certificati
1493 1819 1558 1856 per
1589 1819 1674 1844 eum
1709 1813 1747 1845 et

467 1866 564 1903 alios
588 1866 677 1912 quid
706 1866 867 1913 requIrat
897 1872 1062 1914 potestas
1088 1866 1199 1912 hujus
1225 1866 1407 1908 scientiae,
1436 1866 1521 1900 ideo
1551 1875 1747 1912 possumus

467 1927 593 1970 partes
609 1923 688 1969 ejus
706 1923 885 1959 collocare
908 1924 1108 1959 secundum
1128 1923 1293 1959 ordinem
1312 1934 1424 1969 quem
1444 1923 1607 1958 Naturae
1631 1923 1748 1970 digni-

468 1986 529 2018 tas
545 1980 724 2027 exposcit.

520 2037 570 2074 Et
594 2038 652 2075 hic
680 2037 892 2085 philosophi
920 2037 1012 2074 mira
1042 2037 1154 2073 locuti
1180 2044 1265 2073 sunt
1285 2037 1381 2074 cirea
1401 2037 1554 2073 virtutes
1576 2043 1614 2074 et
1643 2037 1855 2080 vitia;v.1ue
1869 2047 1901 2077 or

470 2101 513 2132 ut
530 2096 650 2131 omnis
668 2095 897 2131 Christianus
912 2095 1087 2130 confundi
1102 2096 1231 2141 possit,
1242 2096 1392 2140 quando
1405 2095 1571 2130 infideles
1583 2095 1750 2140 homines
1764 2086 1883 2150 {sm

469 2160 548 2189 tam
577 2153 746 2189 sublimia
770 2153 962 2188 virtutum
977 2153 1149 2189 habuisse
1172 2152 1414 2199 concipimus,
1439 2158 1476 2188 et
1503 2164 1569 2189 nos
1598 2153 1751 2199 turpiter
1764 2158 1938 2193 writingson

469 2224 494 2248 a
520 2211 700 2247 virtutum
728 2209 853 2259 gloria*
872 2210 1002 2246 cadere
1030 2210 1210 2246 videmur.
1261 2209 1456 2246 Caeterum
1480 2205 1643 2246 ‘multum
1673 2209 1752 2245 ani·
1765 2193 1894 2260 25:2¹*

470 2269 566 2305 mari
590 2268 769 2305 debemus
795 2272 836 2302 ut
856 2269 907 2302 ad
923 2268 1071 2303 virtutis
1096 2269 1241 2305 culmen
1268 2268 1483 2314 aspiremus,
1507 2273 1544 2303 et
1570 2268 1752 2314 exemplis

471 2326 657 2361 nobilibus
696 2326 849 2361 excitati
883 2324 1081 2361 nobiliores
1114 2326 1254 2362 fructus
1288 2326 1465 2362 virtutum
1498 2318 1756 2372 producamus,

470 2383 646 2431 quoniam
665 2381 968 2429 majusjuvamen
987 2383 1023 2418 in
1039 2383 1112 2419 vita
1129 2373 1310 2419 habemus
1327 2394 1438 2429 quarn
1453 2382 1523 2430 ipsi
1536 2383 1756 2430 philosophi,

471 2447 511 2477 et
528 2441 605 2477 sine
621 2441 897 2487 comparatione
917 2440 1059 2487 majora
1074 2440 1214 2475 auxilia
1225 2438 1241 2460 ²
1254 2451 1319 2487 per
1333 2440 1403 2475 Dei
1421 2440 1578 2488 gratiam
1595 2441 1756 2487 recipcre

473 2499 770 2544 comprobamur.
835 2498 884 2533 Et
919 2499 1041 2544 primo
1079 2498 1114 2533 in
1148 2497 1343 2533 universali
1378 2497 1538 2534 recitabo
1572 2499 1754 2543 quaedam

473 2557 569 2594 circa
586 2556 739 2592 virtutes
756 2560 795 2591 et
810 2555 922 2592 vitia:
947 2555 1109 2591 secundo
1125 2555 1174 2591 ad
1193 2554 1425 2602 particularia
1441 2554 1645 2592 declinabo.

957 2673 1209 2710 Carnutum
1236 2673 1288 2709 11.

525 2751 700 2789 Ostendit
735 2756 859 2786 autem
895 2750 1115 2786 Aristoteles
1150 2750 1188 2785 in
1221 2749 1341 2795 primo
1379 2750 1625 2786 Ethicorum³
1656 2751 1756 2797 quod
1772 2756 1880 2799 Art-to-

474 2810 594 2847 virtus
613 2814 668 2844 est
690 2806 855 2855 duplex3
881 2819 954 2843 una
977 2813 1032 2844 est
1058 2806 1261 2844 secundum
1285 2806 1404 2854 ipsam
1425 2809 1463 2843 in
1485 2814 1589 2855 parte
1614 2809 1759 2845 animae
1772 2793 1855 2858 {222¹}

513 2886 522 2903 ¹
541 2889 593 2921 aq:
605 2884 711 2917 inultis,
724 2892 779 2912 om.
797 2883 835 2912 H.
1282 2882 1293 2898 ¹
1311 2882 1416 2917 auxilii,
1434 2883 1471 2911 Σ).

513 2928 526 2946 ”
542 2927 607 2956 The
628 2927 828 2955 Nisam-chaun
850 2926 942 2954 Effic'oe
963 2935 1042 2955 were
1067 2928 1226 2956 translated
1252 2928 1323 2956 from
1349 2928 1399 2955 the
1421 2926 1525 2955 Arubic
1552 2926 1589 2962 by
1611 2926 1759 2955 nem-nn

478 2974 600 3009 (known
615 2979 646 2999 u
663 2971 856 3005 Alemannus)
870 2971 898 2996 in
915 2977 986 3003 1240
997 2978 1025 2998 Α.
1035 2968 1076 3005 οξ,
1090 2976 1119 2999 n
1131 2972 1252 2999 Toledo.
1290 2971 1372 3006 Tbey
1385 2979 1465 2998 were
1478 2971 1615 3006 probably
1628 2971 1760 2997 included
