2350 3580
370 339 1511 531 —

826 702 953 736 PARS
980 702 1229 736 SECUNDA:
1269 701 1367 736 CAP.
1399 702 1456 735 JV.
1711 709 1779 745 473

505 791 662 829 dicenda
695 798 791 829 sunt.
841 792 997 829 Coelum
1030 798 1153 828 autern
1187 797 1295 828 vocat
1327 790 1476 828 aethera
1509 791 1544 827 in
1577 801 1653 837 quo
1689 791 1779 827 dicit

506 851 626 887 sidera
650 850 831 889 collocari.
854 857 891 886 et
917 860 1048 897 corpus
1072 849 1323 896 contignatum
1350 848 1489 884 aetheri
1513 853 1623 884 vocat
1647 859 1778 890 aerem.

506 908 578 943 sub
606 919 690 943 aere
717 908 1032 955 comprehendens
1060 907 1252 954 sphaeram
1288 906 1382 952 ignis
1416 910 1567 952 propter
1598 906 1778 958 rationein

505 966 699 1001 dicendam
725 966 881 1001 inferius.
933 966 983 1001 Et
1003 965 1170 1001 similiter
1190 963 1357 1000 Alhazen
1377 975 1451 999 non
1472 968 1576 1000 curat
1593 963 1641 999 de
1659 962 1780 999 diver-

506 1022 617 1058 sitate
635 1023 730 1068 ignis
746 1029 783 1059 et
800 1023 903 1067 aeris,
922 1029 963 1059 ut
980 1023 1132 1068 patebit.

555 1080 655 1115 Dicit
679 1081 792 1127 igitur
817 1079 1059 1124 Ptolemaeus,
1083 1082 1092 1099 ¹
1107 1078 1308 1115 Possibile²
1338 1083 1395 1114 est
1423 1079 1530 1114 nobis
1555 1079 1782 1126 dignoscere,

507 1138 606 1183 quod
639 1139 675 1173 in
706 1138 787 1173 loco
815 1139 1100 1183 contignationis
1129 1139 1225 1172 aeris
1253 1137 1299 1173 ad
1330 1137 1514 1173 aetherem
1552 1137 1595 1173 fit
1627 1137 1778 1173 reflexio

506 1193 623 1238 radii‚'
637 1194 675 1231 id
686 1199 752 1238 est,
766 1194 892 1231 fractio
909 1194 1028 1231 lineae
1043 1207 1052 1238 3
1077 1198 1084 1213 ⁶
1101 1197 1305 1231 invenimus
1316 1195 1414 1230 enim
1431 1206 1496 1237 res.
1510 1206 1605 1241 quae
1616 1197 1780 1230 oriuntur

505 1258 544 1288 et
564 1253 736 1288 occidunt
759 1253 878 1299 tnagis
901 1252 1128 1289 declinantes
1149 1253 1196 1288 ad
1221 1252 1518 1299 septentrionem,
1538 1263 1623 1288 cum
1647 1251 1778 1288 fuerint

508 1321 625 1356 prope
648 1310 848 1353 horizonta,
877 1315 914 1347 et
944 1311 1095 1346 metitae
1125 1310 1259 1346 suerint
1287 1321 1352 1356 per
1382 1311 1621 1345 instrumenta
1644 1310 1778 1356 quibus

506 1373 766 1404 mensurantur
797 1369 925 1404 sidera.
991 1368 1084 1404 cum
1114 1369 1214 1404 enim
1249 1367 1380 1403 suerint
1410 1369 1569 1403 orientes
1597 1368 1655 1403 vel
1684 1369 1779 1402 occi-

506 1425 650 1470 dentes,
666 1425 788 1462 circuli
812 1426 957 1472 utrique
979 1426 1268 1472 aequidistantes
1290 1424 1547 1471 aequInoctiali
1565 1425 1627 1470 qui
1645 1415 1778 1461 desiri-

506 1481 644 1519 buntur
684 1493 792 1528 super
829 1483 932 1522 illas.
950 1484 1229 1530 propinquiores
1263 1488 1349 1519 sunt
1381 1482 1624 1529 ,septentrioni
1665 1493 1778 1528 quam

507 1538 630 1575 circuli
666 1541 729 1586 qui
764 1541 1015 1576 describuntur
1043 1552 1151 1587 super
1183 1539 1263 1575 illas
1296 1551 1379 1576 cum
1416 1539 1549 1575 fuerint
1585 1541 1621 1575 in
1655 1540 1778 1575 medio

506 1596 610 1632 coeli.
671 1597 721 1633 Et
759 1603 899 1644 quanto
937 1599 1054 1645 magis
1092 1597 1390 1645 appropinquant
1421 1596 1601 1633 horizonti
1638 1596 1778 1633 habent

507 1654 685 1701 majorem
726 1656 1006 1692 declinationem
1043 1656 1090 1691 ad
1132 1655 1439 1702 septentrionem:
1481 1653 1649 1690 Siderum
1692 1665 1778 1689 vero

506 1722 652 1758 semper
667 1714 923 1759 apparentium
941 1714 1114 1749 distantia
1130 1724 1152 1748 a
1168 1712 1447 1759 septentrionali
1470 1711 1557 1757 polo
1574 1712 1643 1747 erit
1658 1712 1779 1747 minor

507 1781 593 1806 cum
607 1769 717 1807 ,fuerit
737 1771 771 1806 in
790 1772 1019 1806 meridionali
1038 1771 1131 1812 linea
1141 1760 1265 1806 versui
1283 1771 1494 1813 horizonta;
1516 1775 1552 1805 et
1569 1781 1652 1804 cum
1670 1768 1778 1805 fuerit

508 1827 546 1863 in
577 1827 672 1864 linea
697 1827 924 1864 meridionali
950 1828 988 1863 in
1012 1827 1092 1864 loco
1118 1829 1182 1874 qui
1212 1834 1268 1864 est
1293 1827 1530 1874 propinquior
1556 1833 1691 1873 puncto
1714 1827 1778 1873 qui

507 1890 565 1920 est
581 1896 691 1931 super
709 1889 819 1931 caput
839 1891 1003 1920 nostrum
1034 1885 1077 1920 fit
1098 1886 1134 1920 in
1154 1886 1235 1931 ipso
1252 1885 1334 1920 loeo
1354 1885 1511 1920 circulus
1532 1885 1780 1930 aequidistans

506 1943 764 1988 aequinoctiali
783 1943 912 1988 major,
930 1944 966 1978 in
988 1943 1098 1988 priori
1114 1946 1238 1978 autem
1253 1943 1334 1978 loco
1351 1943 1481 1977 minor.
1516 1942 1627 1989 Quod
1646 1943 1780 1978 accidit

509 2007 660 2046 propter
682 1999 879 2036 flexionem
899 2001 999 2044 radii,
1017 2011 1112 2046 quae
1134 1999 1177 2036 fit
1194 2011 1216 2035 a
1236 1998 1427 2046 superficie
1450 2010 1544 2045 quae
1561 1999 1778 2036 determinat

509 2058 604 2093 inter
616 2069 736 2094 aerem
755 2062 791 2094 et
808 2058 1006 2101 aetherem,
1019 2068 1113 2104 quae
1131 2057 1241 2093 debet
1259 2067 1339 2091 esse
1350 2057 1550 2102 sphaerica,
1561 2061 1596 2093 et
1614 2061 1776 2094 centrum

508 2115 587 2160 ejus
619 2120 677 2151 est
711 2119 877 2151 centrum
911 2126 1108 2151 commune
1146 2115 1322 2150 universis
1360 2114 1561 2156 elementis,
1589 2115 1689 2160 quod
1724 2119 1779 2150 est

507 2177 671 2209 centrum
689 2171 828 2209 tetrae!

557 2229 676 2276 Igitur
690 2230 836 2267 videtur
852 2230 958 2266 stella
977 2230 1177 2267 describere
1195 2230 1374 2266 mitiorem
1399 2229 1572 2266 circulum
1589 2230 1636 2266 de
1656 2230 1778 2276 aequi-

508 2288 729 2323 distantibus
744 2288 999 2333 aequinoctiali
1014 2289 1161 2333 quando
1181 2292 1236 2323 est
1250 2289 1285 2322 in
1305 2287 1493 2322 horizonte
1505 2299 1614 2333 quam
1629 2289 1778 2333 quando

509 2344 593 2391 plus
615 2346 789 2385 ascendit,
814 2347 863 2380 ita
888 2347 986 2391 quod
1010 2350 1150 2391 quanto
1176 2346 1292 2392 magis
1319 2344 1484 2380 ascendit
1506 2357 1633 2380 versus
1658 2344 1778 2381 zenith

507 2403 649 2449 eapitis,
678 2407 783 2439 tanto
815 2403 991 2449 majorem
1026 2403 1330 2449 aequidistantern
1360 2402 1527 2438 videatur
1554 2403 1778 2444 describere:

507 2471 602 2507 quae
625 2460 875 2506 aequidistans
897 2466 952 2495 est
971 2460 1087 2506 major
1107 2460 1310 2495 necessario
1333 2465 1485 2505 propter
1505 2460 1683 2507 majorem
1705 2460 1778 2495 dis·

507 2517 664 2554 tantiam
695 2529 717 2553 a
747 2517 846 2563 polo,
876 2522 917 2553 ut
950 2523 1053 2562 patet
1081 2518 1129 2553 ad
1158 2529 1303 2553 sensum
1339 2518 1374 2552 in
1407 2518 1576 2563 sphaera,
1603 2518 1777 2564 quoniam

507 2576 629 2622 portio
661 2574 784 2611 circuli
816 2574 1059 2611 meridionalis
1098 2585 1161 2611 seu
1195 2574 1388 2620 cujuslibet
1422 2575 1534 2611 coluri
1568 2575 1687 2620 major
1723 2581 1779 2611 est

509 2634 605 2670 inter
632 2632 759 2679 polum
795 2638 831 2669 et
866 2633 1170 2679 aequidistantem
1201 2644 1310 2679 quarn
1345 2633 1521 2669 describit
1549 2632 1663 2675 stella,
1694 2642 1776 2667 eum

508 2689 621 2726 fertur
643 2701 708 2736 per
728 2690 850 2725 zenith
872 2691 1014 2736 capitis,
1037 2702 1145 2736 quam
1170 2691 1320 2736 quando
1341 2696 1396 2725 est
1421 2691 1456 2724 in
1477 2689 1676 2725 horizonte.
1727 2690 1778 2725 Et

542 2766 553 2783 ²
573 2764 645 2793 Ptol.
667 2764 765 2801 ome,
781 2773 809 2800 p.
827 2773 886 2799 151.
926 2765 997 2793 This
1014 2766 1039 2792 ia
1060 2774 1078 2793 a
1097 2765 1185 2793 liter-s]
1205 2766 1353 2800 quotation
1371 2765 1442 2793 from
1462 2766 1512 2794 the
1531 2765 1592 2793 fimi
1616 2765 1734 2800 chapter
1750 2765 1784 2792 οἵ

507 2809 664 2844 Ptoleny'n
685 2809 791 2843 optical
811 2810 901 2836 work.
944 2810 976 2836 ln
999 2810 1057 2836 this
1076 2810 1204 2844 chapter,
1222 2810 1315 2836 which
1339 2810 1364 2836 is
1383 2810 1433 2836 the
1454 2814 1528 2836 most
1546 2810 1666 2843 origin-i
1683 2809 1717 2836 ol*
1731 2809 1779 2848 the

507 2853 635 2885 uati-e.
648 2851 779 2886 Pcnlmy
797 2853 878 2886 gives
895 2853 986 2880 table·
1003 2853 1036 2880 ol'
1049 2853 1202 2880 resne-,tion
1220 2853 1264 2880 for
1280 2853 1412 2880 different
1423 2853 1524 2886 angles
1538 2853 1609 2880 stom
1626 2851 1672 2880 10⁰
1685 2855 1714 2879 to
1729 2851 1780 2879 8⁰⁶³

507 2896 553 2924 lor
566 2904 635 2931 ny!
651 2895 768 2931 passing
784 2895 856 2923 from
874 2895 917 2923 nir
932 2900 961 2923 to
974 2901 1077 2928 water.
1089 2895 1161 2923 from
1172 2901 1267 2924 water
1277 2901 1308 2923 to
1320 2896 1370 2927 air.
1385 2896 1439 2923 md
1453 2896 1525 2924 ἕτοπι
1538 2900 1631 2923 water
1641 2900 1673 2922 to
1685 2895 1780 2929 glasez

507 2947 565 2968 one
577 2940 612 2967 o(
619 2940 670 2966 the
683 2940 798 2967 earliest
810 2944 944 2974 attempta
958 2944 988 2966 to
999 2940 1061 2966 deul
1074 2940 1291 2974 quantitatively
1305 2940 1375 2967 with
1389 2939 1596 2974 experimenul
1609 2939 1748 2966 ruent-eh.
