2350 3580
623 719 839 754 uoRALJs
866 721 1192 756 PHILOSOPHIA
1209 735 1221 755 .·
1248 723 1376 757 PARS
1407 724 1588 759 TERTIA.
1672 725 1739 770 285

463 823 575 858 supra
589 801 836 858 cogitationes
851 811 999 848 extollit
1014 811 1195 849 humanas
1214 812 1330 850 altum
1353 815 1502 861 quidem
1523 821 1562 852 et
1583 816 1739 852 sublime

463 870 604 916 spirare
625 880 665 905 se
688 870 862 906 creduntv:
887 866 1049 906 ceterum
1073 870 1122 906 nil
1147 870 1257 907 solidi
1282 872 1417 912 subest.
1439 874 1504 908 sed
1531 875 1568 908 in
1593 875 1737 909 ruinam

465 932 582 973 prona
608 933 695 962 sunt
728 938 823 972 quae
855 928 933 963 sine
957 927 1205 964 fundamentis
1228 940 1383 966 crevere.
1435 930 1522 966 Non
1546 930 1659 967 habet
1686 931 1738 967 ira

464 986 520 1020 cui
548 985 712 1021 insistat:
741 996 815 1020 non
840 996 890 1020 ex
917 985 1022 1020 firmo
1052 997 1300 1032 mansuroque
1325 987 1464 1031 oritur;
1492 989 1557 1023 sed
1582 991 1738 1024 ventosa

464 1048 503 1078 et
533 1042 649 1078 inanis
678 1041 756 1078 est!
806 1046 815 1062 ‘
830 1042 885 1079 Ut
917 1042 1129 1079 exulcerata
1161 1050 1200 1080 et
1232 1054 1342 1090 aegra
1374 1057 1529 1090 corpora
1562 1057 1658 1091 quae
1689 1046 1736 1082 ad

463 1106 584 1135 tactus
608 1099 811 1135 levissimos
830 1106 992 1145 gemunt,
1010 1101 1062 1137 ita
1084 1102 1138 1137 ira
1159 1101 1336 1138 muliebre
1354 1103 1521 1138 maxime
1541 1107 1577 1138 et
1600 1103 1739 1149 puerile

463 1158 593 1192 vitium
610 1162 667 1192 est
684 1184 691 1192 .
706 1183 716 1192 .
729 1183 739 1192 .
758 1153 844 1192 Non
862 1163 919 1193 est
934 1159 1034 1203 quod
1052 1159 1180 1194 credas
1194 1159 1427 1194 irascentium
1444 1160 1565 1196 verbis
1581 1171 1737 1206 quorum

463 1214 637 1260 strepitus
658 1214 780 1261 magni
799 1216 1031 1262 minacesque
1045 1221 1152 1260 sunt3
1181 1217 1274 1252 intra
1290 1222 1347 1252 est
1365 1229 1467 1252 mens
1481 1218 1736 1263 pavidissima‚'

464 1272 553 1318 quia
581 1271 773 1315 turbantur
801 1279 838 1308 et
866 1272 1060 1309 laeduntur
1085 1273 1133 1309 ad
1164 1274 1326 1310 minima.
1386 1274 1497 1318 Unde
1526 1273 1735 1311 crocodilo¹

462 1329 671 1365 simillimus
687 1336 744 1365 est
762 1321 954 1365 iracundus
972 1331 1032 1376 qui
1050 1336 1106 1366 est
1129 1331 1265 1367 animai
1288 1332 1573 1368 audacissimum
1592 1333 1737 1373 timido,

463 1394 502 1423 et
527 1388 803 1423 timidissimum,
828 1389 969 1424 audaci.
1021 1389 1117 1424 Nam
1137 1394 1416 1435 persequentem
1434 1389 1529 1435 fugin
1543 1394 1582 1430 et
1599 1390 1737 1436 fugiem

464 1452 540 1482 tem
567 1445 812 1491 persequitur:
839 1445 892 1480 sic
919 1446 1230 1483 mxime'accidit
1248 1446 1403 1482 assuetis
1420 1447 1467 1482 ad
1485 1446 1585 1484 iram.
1637 1446 1736 1483 Nam

463 1502 743 1538 humiliantibus
762 1502 831 1537 sibi
857 1502 1070 1548 insurgunt:
1097 1503 1161 1538 sed
1185 1514 1268 1538 curn
1296 1505 1530 1550 magnanime
1553 1505 1605 1540 eis
1631 1505 1737 1539 resis-

462 1561 564 1601 titur,
581 1560 783 1596 tabescunt.
805 1553 811 1560 ’
835 1560 946 1596 Unde
972 1571 1159 1607 nunquam
1181 1561 1414 1596 turbarentur
1436 1562 1483 1596 ad
1505 1562 1649 1597 modica
1672 1573 1736 1598 nec

464 1618 670 1664 frequenter
688 1618 755 1654 nisi
776 1625 926 1665 propter
948 1618 1061 1654 ,animi
1083 1617 1385 1654 imbecillitatem.
1436 1618 1530 1654 Cum
1553 1619 1663 1664 igitur
1684 1620 1737 1654 ira

463 1676 583 1712 aliena
599 1677 646 1712 sit
663 1687 684 1711 a
704 1675 1008 1721 magnanimitate
1030 1686 1125 1722 quae
1144 1683 1202 1712 est
1219 1676 1333 1712 virtus
1353 1676 1492 1712 honore
1512 1676 1736 1722 dignissima,

463 1735 609 1781 penitus
626 1745 647 1769 a
668 1734 839 1769 cordibus
856 1734 990 1768 nostris
1007 1723 1204 1778 releganda
1221 1740 1287 1769 est.

515 1792 566 1827 Et
590 1803 662 1827 non
696 1791 815 1827 solum
852 1798 1003 1838 propter
1037 1792 1129 1827 hanc
1161 1793 1335 1827 virtutem
1363 1791 1675 1836 magnanimitatis
1700 1795 1795 1837 etis}
1817 1795 1912 1831 Anger

463 1855 628 1885 caeteras
639 1839 846 1895 praedictas
857 1863 866 1892 ;
890 1849 1003 1884 immo
1014 1855 1163 1895 propter
1174 1849 1274 1890 alias,
1285 1855 1324 1884 ut
1338 1849 1594 1888 misericordia.
1607 1849 1738 1894 pietas,
1752 1835 1901 1894 ξζῗζᾟζῗξ

462 1907 652 1954 patientia,
668 1907 845 1954 gaudium
861 1911 899 1942 et
921 1917 996 1951 pax
1019 1907 1149 1943 cordis.
1199 1905 1343 1940 Tullius
1363 1906 1514 1951 quidem
1543 1905 1737 1941 Caesarem
1749 1913 1840 1967 persy
1850 1903 1904 1930 and

463 1976 597 2011 rogans
614 1976 679 2010 pro
698 1964 875 2006 Marcello
892 1970 933 1999 ut
950 1964 983 1999 ei
1002 1969 1176 2009 parceret,
1188 1965 1251 2006 ait,
1266 1962 1379 2004 Nulla
1394 1964 1441 1998 de
1457 1963 1530 1998 tuis
1545 1963 1738 1998 virtutibus
1758 1948 1923 1976 ermenm-

446 2023 630 2069 ,plurimis
671 2033 739 2058 nec
786 2021 1038 2057 admirabilior
1078 2033 1144 2057 nec
1186 2020 1330 2067 gratior
1369 2026 1425 2056 est
1468 2020 1739 2063 misericordia;

463 2080 633 2116 homines
657 2080 704 2116 ad
728 2080 840 2115 deum
865 2079 966 2119 nulla
991 2090 1031 2115 re
1054 2079 1206 2125 propius
1231 2078 1412 2115 accedunt
1436 2089 1548 2125 quam
1584 2077 1738 2114 salutem

463 2138 675 2180 bominibus
700 2138 837 2173 dando.
886 2136 991 2186 Nihil
1014 2137 1125 2171 habet
1152 2136 1299 2172 fortuna
1323 2142 1388 2171 tua
1415 2136 1534 2181 majus
1561 2146 1674 2180 quam
1701 2142 1740 2171 ut

464 2196 593 2241 possis,
610 2206 677 2230 nec
695 2199 823 2230 natura
843 2199 908 2230 tua
925 2193 1053 2230 melius
1070 2205 1182 2239 quarn
1201 2199 1243 2228 ut
1268 2192 1365 2234 velis.
1383 2204 1528 2228 servare
1548 2192 1738 2238 plurimos.

465 2253 620 2299 Propter
635 2252 735 2298 quod
755 2252 790 2287 in
817 2262 971 2297 persona
997 2251 1205 2297 qu'uslibet,
1230 2250 1320 2286 dicit
1339 2249 1482 2286 Seneca
1506 2250 1598 2285 libro
1622 2251 1740 2293 tertio,

463 2309 604 2356 ‘Quis²
636 2320 718 2345 sum
743 2309 847 2354 cujus
872 2319 977 2344 aures
1003 2309 1098 2343 laedi
1125 2308 1254 2343 nefas?
1279 2308 1497 2353 ignoverunt
1523 2308 1628 2342 multi
1657 2308 1740 2342 hos-

463 2367 583 2408 tibus;
624 2379 696 2413 ego
729 2377 801 2402 non
836 2367 1026 2412 ignoscam
1068 2366 1191 2412 pigris,
1233 2364 1516 2410 negligentibus,
1558 2363 1740 2410 garrulis?

465 2436 617 2472 puerum
641 2430 744 2461 aetas
772 2429 937 2467 excusat,
966 2422 1139 2458 feminam
1172 2433 1299 2462 sexus.
1332 2428 1549 2456 extraneum
1582 2421 1739 2465 libertas,

464 2483 707 2519 domesticum
741 2478 990 2516 familiaritas}
1043 2479 1219 2514 ‘Amicus
1246 2484 1325 2514 est:
1364 2478 1450 2513 fecit
1478 2479 1579 2523 quod
1606 2478 1738 2514 voluit:

462 2540 642 2582 inimicus,
677 2538 761 2575 feeit
795 2538 895 2583 quod
921 2538 1060 2572 debuit.
1111 2535 1342 2572 Prudentiori
1367 2535 1552 2577 cedamus,
1577 2535 1738 2572 stultiori

464 2598 707 2633 remittamus.
772 2595 841 2631 Pro
881 2605 1113 2640 quocumque
1157 2593 1245 2630 illud
1288 2593 1394 2629 nobis
1439 2593 1735 2638 respondeamus.

462 2654 752 2702 sapientissimos
777 2653 873 2689 viros
912 2651 1028 2687 multa
1063 2651 1303 2697 delinquere;
1336 2651 1518 2685 neminem
1553 2661 1634 2684 esse
1660 2655 1738 2686 tam

465 2710 778 2758 circumspectum
810 2710 913 2755 cujus
963 2720 1038 2744 ‘non
1079 2709 1270 2754 diligentia
1310 2707 1507 2753 aliquando
1547 2706 1616 2743 sibi
1657 2706 1738 2753 ipsa

464 2770 624 2809 excidat.
644 2795 651 2804 .
672 2795 679 2804 .
699 2793 708 2802 .
727 2768 911 2803 neminem
937 2772 1014 2802 tam
1039 2765 1213 2802 timidum
1247 2764 1469 2800 offensarum
1493 2765 1557 2810 qui
1593 2775 1665 2800 non
1699 2764 1736 2800 in

464 2829 546 2864 ilias
577 2828 667 2862 dum
701 2826 792 2862 vitat
826 2824 1017 2861 incidat..
1037 2851 1045 2861 .
1068 2823 1180 2869 Quod
1214 2823 1243 2858 si
1275 2822 1549 2869 prudentissimi
1582 2827 1737 2867 peccant

463 2885 566 2932 cujus
593 2894 664 2920 non
689 2893 790 2919 error
812 2883 950 2918 bonam
977 2892 1123 2916 causam
1150 2880 1290 2918 habet?
1314 2905 1325 2914 .
1351 2904 1359 2915 .
1382 2905 1392 2914 .
1415 2879 1566 2924 Iniquus
1591 2884 1646 2914 est
1672 2879 1735 2924 qui

586 2949 596 2966 ¹
615 2949 674 2978 See
686 2948 752 2976 Nat.
765 2947 880 2983 Queat.
892 2947 929 2975 iv.
943 2956 969 2975 α.
1180 2946 1190 2962 “
1209 2945 1252 2974 De
1263 2945 1319 2981 Im,
1333 2945 1371 2973 iii.
1386 2954 1429 2978 24,
1444 2953 1489 2979 25.
1502 2945 1550 2977 26,
1563 2953 1607 2978 27.
