<?xml version="1.0" encoding="UTF-8"?>
<!DOCTYPE html PUBLIC "-//W3C//DTD XHTML 1.0 Transitional//EN"
    "http://www.w3.org/TR/xhtml1/DTD/xhtml1-transitional.dtd">
<html xmlns="http://www.w3.org/1999/xhtml" xml:lang="en" lang="en">
 <head>
  <title>
</title>
<meta http-equiv="Content-Type" content="text/html;charset=utf-8" />
  <meta name='ocr-system' content='tesseract 3.04.00' />
  <meta name='ocr-capabilities' content='ocr_page ocr_carea ocr_par ocr_line ocrx_word'/>
</head>
<body>
  <div class='ocr_page' id='page_1' title='image "./opusmajusrogerb00bridgoog/opusmajusrogerb00bridgoog_0534.png"; bbox 0 0 2350 3580; ppageno 0'>
   <div class='ocr_carea' id='block_1_1' title="bbox 442 779 619 1280">
    <p class='ocr_par' dir='ltr' id='par_1_1' title="bbox 442 779 619 1280">
     <span class='ocr_line' id='line_1_1' title="bbox 442 779 587 809; baseline 0 0"><span class='ocrx_word' id='word_1_1' title='bbox 442 779 587 809; x_wconf 71' lang='lat' dir='ltr'><strong>’theoreti-</strong></span> 
     </span>
     <span class='ocr_line' id='line_1_2' title="bbox 444 817 553 853; baseline -0.018 -7"><span class='ocrx_word' id='word_1_2' title='bbox 444 817 518 853; x_wconf 74' lang='lat' dir='ltr'><strong>cally</strong></span> <span class='ocrx_word' id='word_1_3' title='bbox 532 817 553 844; x_wconf 88' lang='lat' dir='ltr'><strong>it</strong></span> 
     </span>
     <span class='ocr_line' id='line_1_3' title="bbox 444 852 575 886; baseline -0.008 -4"><span class='ocrx_word' id='word_1_4' title='bbox 444 853 538 886; x_wconf 73' lang='lat' dir='ltr'><strong>could,</strong></span> <span class='ocrx_word' id='word_1_5' title='bbox 549 852 575 881; x_wconf 80' lang='lat' dir='ltr'><strong>if</strong></span> 
     </span>
     <span class='ocr_line' id='line_1_4' title="bbox 445 889 572 918; baseline -0.008 0"><span class='ocrx_word' id='word_1_6' title='bbox 445 889 572 918; x_wconf 68' lang='lat' dir='ltr'><strong>material</strong></span> 
     </span>
     <span class='ocr_line' id='line_1_5' title="bbox 443 926 547 954; baseline 0 0"><span class='ocrx_word' id='word_1_7' title='bbox 443 927 487 954; x_wconf 81' lang='lat' dir='ltr'><strong>for</strong></span> <span class='ocrx_word' id='word_1_8' title='bbox 499 926 547 954; x_wconf 75' lang='lat' dir='ltr'><strong>the</strong></span> 
     </span>
     <span class='ocr_line' id='line_1_6' title="bbox 444 962 609 990; baseline -0.012 0"><span class='ocrx_word' id='word_1_9' title='bbox 444 962 609 990; x_wconf 72' lang='lat' dir='ltr'><strong>continuom</strong></span> 
     </span>
     <span class='ocr_line' id='line_1_7' title="bbox 444 998 592 1027; baseline -0.014 -1"><span class='ocrx_word' id='word_1_10' title='bbox 444 998 592 1027; x_wconf 68' lang='lat' dir='ltr'><strong>formation</strong></span> 
     </span>
     <span class='ocr_line' id='line_1_8' title="bbox 446 1034 592 1070; baseline -0.007 -7"><span class='ocrx_word' id='word_1_11' title='bbox 446 1035 478 1063; x_wconf 79' lang='lat' dir='ltr'><strong>of</strong></span> <span class='ocrx_word' id='word_1_12' title='bbox 486 1034 592 1070; x_wconf 70' lang='lat' dir='ltr'><strong>speeie·</strong></span> 
     </span>
     <span class='ocr_line' id='line_1_9' title="bbox 443 1069 568 1099; baseline 0 -1"><span class='ocrx_word' id='word_1_13' title='bbox 443 1079 515 1099; x_wconf 67' lang='lat' dir='ltr'><strong>were</strong></span> <span class='ocrx_word' id='word_1_14' title='bbox 528 1069 568 1098; x_wconf 75' lang='lat' dir='ltr'><strong>nl-</strong></span> 
     </span>
     <span class='ocr_line' id='line_1_10' title="bbox 446 1106 619 1143; baseline 0 -9"><span class='ocrx_word' id='word_1_15' title='bbox 446 1114 523 1143; x_wconf 69' lang='lat' dir='ltr'><strong>wnys</strong></span> <span class='ocrx_word' id='word_1_16' title='bbox 533 1106 619 1134; x_wconf 80' lang='lat' dir='ltr'><strong>forth-</strong></span> 
     </span>
     <span class='ocr_line' id='line_1_11' title="bbox 445 1151 573 1176; baseline -0.016 -5"><span class='ocrx_word' id='word_1_17' title='bbox 445 1151 539 1171; x_wconf 82' lang='lat' dir='ltr'><strong>eomm</strong></span> <span class='ocrx_word' id='word_1_18' title='bbox 565 1152 573 1176; x_wconf 83' lang='lat'>;</span> 
     </span>
     <span class='ocr_line' id='line_1_12' title="bbox 447 1179 601 1208; baseline -0.013 0"><span class='ocrx_word' id='word_1_19' title='bbox 447 1180 518 1208; x_wconf 75' lang='lat' dir='ltr'><strong>buu</strong></span> <span class='ocrx_word' id='word_1_20' title='bbox 576 1179 601 1206; x_wconf 68' lang='lat' dir='ltr'><strong>lt</strong></span> 
     </span>
     <span class='ocr_line' id='line_1_13' title="bbox 447 1215 556 1244; baseline -0.009 0"><span class='ocrx_word' id='word_1_21' title='bbox 447 1220 497 1244; x_wconf 81' lang='lat' dir='ltr'><strong>not</strong></span> <span class='ocrx_word' id='word_1_22' title='bbox 509 1215 556 1243; x_wconf 80' lang='lat' dir='ltr'><strong>the</strong></span> 
     </span>
     <span class='ocr_line' id='line_1_14' title="bbox 448 1260 519 1280; baseline 0 0"><span class='ocrx_word' id='word_1_23' title='bbox 448 1260 519 1280; x_wconf 74' lang='lat' dir='ltr'><strong>ene.</strong></span> 
     </span>
    </p>
   </div>
   <div class='ocr_carea' id='block_1_2' title="bbox 448 2335 612 2507">
    <p class='ocr_par' dir='ltr' id='par_1_2' title="bbox 448 2335 612 2507">
     <span class='ocr_line' id='line_1_15' title="bbox 450 2335 603 2369; baseline 0 -8"><span class='ocrx_word' id='word_1_24' title='bbox 450 2335 603 2369; x_wconf 78' lang='lat' dir='ltr'><strong>Argument</strong></span> 
     </span>
     <span class='ocr_line' id='line_1_16' title="bbox 449 2370 578 2398; baseline -0.008 0"><span class='ocrx_word' id='word_1_25' title='bbox 449 2370 509 2398; x_wconf 69' lang='lat' dir='ltr'><strong>thet</strong></span> <span class='ocrx_word' id='word_1_26' title='bbox 523 2370 578 2397; x_wconf 76' lang='lat' dir='ltr'><strong>this</strong></span> 
     </span>
     <span class='ocr_line' id='line_1_17' title="bbox 448 2406 612 2434; baseline -0.006 0"><span class='ocrx_word' id='word_1_27' title='bbox 448 2406 575 2434; x_wconf 69' lang='lat' dir='ltr'><strong>material</strong></span> <span class='ocrx_word' id='word_1_28' title='bbox 588 2406 612 2434; x_wconf 73' lang='lat' dir='ltr'><strong>is</strong></span> 
     </span>
     <span class='ocr_line' id='line_1_18' title="bbox 448 2441 583 2477; baseline 0.007 -8"><span class='ocrx_word' id='word_1_29' title='bbox 448 2441 583 2477; x_wconf 78' lang='lat' dir='ltr'><strong>infinitely</strong></span> 
     </span>
     <span class='ocr_line' id='line_1_19' title="bbox 449 2479 585 2507; baseline 0.015 -2"><span class='ocrx_word' id='word_1_30' title='bbox 449 2479 585 2507; x_wconf 69' lang='lat' dir='ltr'><strong>divinible.</strong></span> 
     </span>
    </p>
   </div>
   <div class='ocr_carea' id='block_1_3' title="bbox 625 508 1620 555">
    <p class='ocr_par' dir='ltr' id='par_1_3' title="bbox 625 508 1620 555">
     <span class='ocr_line' id='line_1_20' title="bbox 625 508 1620 555; baseline -0.004 -11"><span class='ocrx_word' id='word_1_31' title='bbox 625 520 694 555; x_wconf 72' lang='lat'><strong>522</strong></span> <span class='ocrx_word' id='word_1_32' title='bbox 931 509 1032 544; x_wconf 76' lang='lat' dir='ltr'><strong>MUL</strong></span> <span class='ocrx_word' id='word_1_33' title='bbox 1038 509 1219 542; x_wconf 78' lang='lat' dir='ltr'><em>TIPLICA</em></span> <span class='ocrx_word' id='word_1_34' title='bbox 1226 509 1273 542; x_wconf 86' lang='lat' dir='ltr'><strong>TI</strong></span> <span class='ocrx_word' id='word_1_35' title='bbox 1273 509 1304 542; x_wconf 91' lang='grc' dir='ltr'><em>Ο</em></span> <span class='ocrx_word' id='word_1_36' title='bbox 1328 508 1420 542; x_wconf 83' lang='lat' dir='ltr'><strong>SPE</strong></span> <span class='ocrx_word' id='word_1_37' title='bbox 1421 508 1620 542; x_wconf 74' lang='lat' dir='ltr'><em>CJERUM.</em></span> 
     </span>
    </p>
   </div>
   <div class='ocr_carea' id='block_1_4' title="bbox 629 597 1913 2543">
    <p class='ocr_par' dir='ltr' id='par_1_4' title="bbox 629 597 1904 751">
     <span class='ocr_line' id='line_1_21' title="bbox 629 597 1903 647; baseline -0.003 -11"><span class='ocrx_word' id='word_1_38' title='bbox 629 600 782 647; x_wconf 85' lang='lat' dir='ltr'><strong>expedit</strong></span> <span class='ocrx_word' id='word_1_39' title='bbox 806 600 973 635; x_wconf 86' lang='lat' dir='ltr'><strong>animato</strong></span> <span class='ocrx_word' id='word_1_40' title='bbox 997 599 1140 646; x_wconf 80' lang='lat' dir='ltr'>corpori</span> <span class='ocrx_word' id='word_1_41' title='bbox 1164 604 1203 634; x_wconf 89' lang='lat' dir='ltr'><strong>et</strong></span> <span class='ocrx_word' id='word_1_42' title='bbox 1228 598 1391 645; x_wconf 85' lang='lat' dir='ltr'><strong>partibus</strong></span> <span class='ocrx_word' id='word_1_43' title='bbox 1411 597 1503 643; x_wconf 81' lang='lat' dir='ltr'><strong>ejus.</strong></span> <span class='ocrx_word' id='word_1_44' title='bbox 1555 597 1612 633; x_wconf 87' lang='lat' dir='ltr'><strong>Et</strong></span> <span class='ocrx_word' id='word_1_45' title='bbox 1627 597 1721 633; x_wconf 86' lang='lat' dir='ltr'><strong>ideo</strong></span> <span class='ocrx_word' id='word_1_46' title='bbox 1738 597 1903 633; x_wconf 87' lang='lat' dir='ltr'><strong>infinitum</strong></span> 
     </span>
     <span class='ocr_line' id='line_1_22' title="bbox 630 655 1904 702; baseline -0.002 -9"><span class='ocrx_word' id='word_1_47' title='bbox 630 663 739 693; x_wconf 82' lang='lat' dir='ltr'><strong>vocat</strong></span> <span class='ocrx_word' id='word_1_48' title='bbox 771 657 820 693; x_wconf 87' lang='lat' dir='ltr'><strong>ibi</strong></span> <span class='ocrx_word' id='word_1_49' title='bbox 854 657 1032 693; x_wconf 83' lang='lat' dir='ltr'><strong>incertum</strong></span> <span class='ocrx_word' id='word_1_50' title='bbox 1067 662 1106 692; x_wconf 90' lang='lat' dir='ltr'><strong>et</strong></span> <span class='ocrx_word' id='word_1_51' title='bbox 1139 656 1458 692; x_wconf 86' lang='lat' dir='ltr'><strong>indeterminatum</strong></span> <span class='ocrx_word' id='word_1_52' title='bbox 1492 661 1531 692; x_wconf 89' lang='lat' dir='ltr'><strong>et</strong></span> <span class='ocrx_word' id='word_1_53' title='bbox 1565 655 1745 702; x_wconf 82' lang='lat' dir='ltr'><strong>ineptum</strong></span> <span class='ocrx_word' id='word_1_54' title='bbox 1778 655 1904 701; x_wconf 82' lang='lat' dir='ltr'>corpori</span> 
     </span>
     <span class='ocr_line' id='line_1_23' title="bbox 630 715 805 751; baseline -0.011 0"><span class='ocrx_word' id='word_1_55' title='bbox 630 715 805 751; x_wconf 85' lang='lat' dir='ltr'><strong>animato.</strong></span> 
     </span>
    </p>

    <p class='ocr_par' dir='ltr' id='par_1_5' title="bbox 630 770 1913 2310">
     <span class='ocr_line' id='line_1_24' title="bbox 681 770 1903 817; baseline -0.002 -9"><span class='ocrx_word' id='word_1_56' title='bbox 681 772 756 808; x_wconf 91' lang='lat' dir='ltr'><strong>Sed</strong></span> <span class='ocrx_word' id='word_1_57' title='bbox 785 772 883 808; x_wconf 88' lang='lat' dir='ltr'><strong>istud</strong></span> <span class='ocrx_word' id='word_1_58' title='bbox 911 783 985 807; x_wconf 92' lang='lat' dir='ltr'><strong>non</strong></span> <span class='ocrx_word' id='word_1_59' title='bbox 1012 770 1157 807; x_wconf 82' lang='lat' dir='ltr'><strong>sufficit.</strong></span> <span class='ocrx_word' id='word_1_60' title='bbox 1208 771 1308 807; x_wconf 85' lang='lat' dir='ltr'><strong>Nam</strong></span> <span class='ocrx_word' id='word_1_61' title='bbox 1334 770 1364 806; x_wconf 89' lang='lat' dir='ltr'><strong>si</strong></span> <span class='ocrx_word' id='word_1_62' title='bbox 1392 771 1544 806; x_wconf 83' lang='lat' dir='ltr'><strong>materia</strong></span> <span class='ocrx_word' id='word_1_63' title='bbox 1573 770 1700 817; x_wconf 83' lang='lat' dir='ltr'><strong>magis</strong></span> <span class='ocrx_word' id='word_1_64' title='bbox 1731 782 1777 806; x_wconf 89' lang='lat' dir='ltr'><strong>ac</strong></span> <span class='ocrx_word' id='word_1_65' title='bbox 1802 771 1903 815; x_wconf 80' lang='lat' dir='ltr'><strong>magis</strong></span> 
     </span>
     <span class='ocr_line' id='line_1_25' title="bbox 630 827 1904 874; baseline -0.002 -9"><span class='ocrx_word' id='word_1_66' title='bbox 630 829 903 866; x_wconf 84' lang='lat' dir='ltr'><strong>inflammabilis</strong></span> <span class='ocrx_word' id='word_1_67' title='bbox 931 830 1209 866; x_wconf 83' lang='lat' dir='ltr'><strong>continuaretur</strong></span> <span class='ocrx_word' id='word_1_68' title='bbox 1234 829 1272 864; x_wconf 89' lang='lat' dir='ltr'><strong>in</strong></span> <span class='ocrx_word' id='word_1_69' title='bbox 1304 829 1428 874; x_wconf 88' lang='lat' dir='ltr'><strong>spatio</strong></span> <span class='ocrx_word' id='word_1_70' title='bbox 1455 827 1616 871; x_wconf 84' lang='lat' dir='ltr'><strong>infinito,</strong></span> <span class='ocrx_word' id='word_1_71' title='bbox 1642 838 1801 863; x_wconf 86' lang='lat' dir='ltr'><strong>necesse</strong></span> <span class='ocrx_word' id='word_1_72' title='bbox 1824 833 1904 862; x_wconf 66' lang='lat' dir='ltr'><strong>eset</strong></span> 
     </span>
     <span class='ocr_line' id='line_1_26' title="bbox 631 885 1902 932; baseline -0.002 -11"><span class='ocrx_word' id='word_1_73' title='bbox 631 888 732 932; x_wconf 89' lang='lat' dir='ltr'><strong>quod</strong></span> <span class='ocrx_word' id='word_1_74' title='bbox 764 887 863 923; x_wconf 89' lang='lat' dir='ltr'><strong>actio</strong></span> <span class='ocrx_word' id='word_1_75' title='bbox 895 897 1040 932; x_wconf 82' lang='lat' dir='ltr'>semper</span> <span class='ocrx_word' id='word_1_76' title='bbox 1072 886 1140 922; x_wconf 86' lang='lat' dir='ltr'><strong>iret</strong></span> <span class='ocrx_word' id='word_1_77' title='bbox 1172 886 1344 922; x_wconf 85' lang='lat' dir='ltr'><strong>continue</strong></span> <span class='ocrx_word' id='word_1_78' title='bbox 1382 886 1589 922; x_wconf 76' lang='lat' dir='ltr'><strong>secundum</strong></span> <span class='ocrx_word' id='word_1_79' title='bbox 1630 885 1902 921; x_wconf 77' lang='lat' dir='ltr'><strong>continuitatem</strong></span> 
     </span>
     <span class='ocr_line' id='line_1_27' title="bbox 633 943 1903 989; baseline -0.001 -10"><span class='ocrx_word' id='word_1_80' title='bbox 633 945 817 980; x_wconf 85' lang='lat' dir='ltr'><strong>materiae.</strong></span> <span class='ocrx_word' id='word_1_81' title='bbox 878 944 954 980; x_wconf 86' lang='lat' dir='ltr'><strong>Sed</strong></span> <span class='ocrx_word' id='word_1_82' title='bbox 986 944 1198 989; x_wconf 81' lang='lat' dir='ltr'><strong>hujusmodi</strong></span> <span class='ocrx_word' id='word_1_83' title='bbox 1231 943 1382 979; x_wconf 76' lang='lat' dir='ltr'><strong>materia</strong></span> <span class='ocrx_word' id='word_1_84' title='bbox 1414 954 1489 979; x_wconf 85' lang='lat' dir='ltr'><strong>non</strong></span> <span class='ocrx_word' id='word_1_85' title='bbox 1521 943 1716 978; x_wconf 78' lang='lat' dir='ltr'><strong>invenitur</strong></span> <span class='ocrx_word' id='word_1_86' title='bbox 1752 948 1903 988; x_wconf 73' lang='lat' dir='ltr'><strong>respectu</strong></span> 
     </span>
     <span class='ocr_line' id='line_1_28' title="bbox 633 1000 1903 1048; baseline -0.002 -11"><span class='ocrx_word' id='word_1_87' title='bbox 633 1002 945 1047; x_wconf 78' lang='lat' dir='ltr'><strong>multiplicationis</strong></span> <span class='ocrx_word' id='word_1_88' title='bbox 977 1002 1122 1048; x_wconf 85' lang='lat' dir='ltr'><strong>speciei,</strong></span> <span class='ocrx_word' id='word_1_89' title='bbox 1156 1012 1222 1037; x_wconf 89' lang='lat' dir='ltr'><strong>nec</strong></span> <span class='ocrx_word' id='word_1_90' title='bbox 1258 1006 1385 1047; x_wconf 86' lang='lat' dir='ltr'><strong>posset</strong></span> <span class='ocrx_word' id='word_1_91' title='bbox 1422 1000 1590 1040; x_wconf 84' lang='lat' dir='ltr'><strong>inveniri,</strong></span> <span class='ocrx_word' id='word_1_92' title='bbox 1626 1001 1728 1037; x_wconf 81' lang='lat' dir='ltr'><strong>sicut</strong></span> <span class='ocrx_word' id='word_1_93' title='bbox 1762 1011 1829 1035; x_wconf 88' lang='lat' dir='ltr'><strong>nec</strong></span> <span class='ocrx_word' id='word_1_94' title='bbox 1858 1011 1903 1034; x_wconf 87' lang='lat' dir='ltr'><strong>re·</strong></span> 
     </span>
     <span class='ocr_line' id='line_1_29' title="bbox 632 1057 1901 1105; baseline -0.001 -11"><span class='ocrx_word' id='word_1_95' title='bbox 632 1065 762 1105; x_wconf 87' lang='lat' dir='ltr'><strong>spectu</strong></span> <span class='ocrx_word' id='word_1_96' title='bbox 794 1059 887 1105; x_wconf 84' lang='lat' dir='ltr'><strong>ignis</strong></span> <span class='ocrx_word' id='word_1_97' title='bbox 919 1058 1093 1104; x_wconf 90' lang='lat' dir='ltr'><strong>completi</strong></span> <span class='ocrx_word' id='word_1_98' title='bbox 1124 1058 1331 1105; x_wconf 78' lang='lat' dir='ltr'><strong>generandi.</strong></span> <span class='ocrx_word' id='word_1_99' title='bbox 1394 1057 1478 1100; x_wconf 87' lang='lat' dir='ltr'>Sed,</span> <span class='ocrx_word' id='word_1_100' title='bbox 1507 1058 1539 1093; x_wconf 82' lang='lat' dir='ltr'><strong>si</strong></span> <span class='ocrx_word' id='word_1_101' title='bbox 1574 1058 1818 1099; x_wconf 83' lang='lat' dir='ltr'><strong>inveniretur,</strong></span> <span class='ocrx_word' id='word_1_102' title='bbox 1849 1065 1901 1093; x_wconf 83' lang='lat' dir='ltr'><strong>seu</strong></span> 
     </span>
     <span class='ocr_line' id='line_1_30' title="bbox 632 1114 1903 1163; baseline -0.002 -12"><span class='ocrx_word' id='word_1_103' title='bbox 632 1122 797 1161; x_wconf 85' lang='lat' dir='ltr'><strong>respectu</strong></span> <span class='ocrx_word' id='word_1_104' title='bbox 824 1116 958 1162; x_wconf 88' lang='lat' dir='ltr'><strong>speciei</strong></span> <span class='ocrx_word' id='word_1_105' title='bbox 982 1117 1058 1151; x_wconf 83' lang='lat' dir='ltr'><strong>sive</strong></span> <span class='ocrx_word' id='word_1_106' title='bbox 1083 1123 1250 1163; x_wconf 85' lang='lat' dir='ltr'><strong>respectu</strong></span> <span class='ocrx_word' id='word_1_107' title='bbox 1276 1115 1378 1162; x_wconf 84' lang='lat' dir='ltr'><strong>ignis,</strong></span> <span class='ocrx_word' id='word_1_108' title='bbox 1394 1115 1497 1151; x_wconf 84' lang='lat' dir='ltr'><strong>fieret</strong></span> <span class='ocrx_word' id='word_1_109' title='bbox 1523 1115 1627 1151; x_wconf 86' lang='lat' dir='ltr'><strong>actio</strong></span> <span class='ocrx_word' id='word_1_110' title='bbox 1654 1115 1692 1150; x_wconf 92' lang='lat' dir='ltr'><strong>in</strong></span> <span class='ocrx_word' id='word_1_111' title='bbox 1722 1114 1903 1150; x_wconf 87' lang='lat' dir='ltr'><strong>infinitum.</strong></span> 
     </span>
     <span class='ocr_line' id='line_1_31' title="bbox 633 1172 1903 1218; baseline -0.002 -9"><span class='ocrx_word' id='word_1_112' title='bbox 633 1173 673 1210; x_wconf 85' lang='lat' dir='ltr'><strong>Si</strong></span> <span class='ocrx_word' id='word_1_113' title='bbox 701 1179 826 1209; x_wconf 81' lang='lat' dir='ltr'><strong>tamen</strong></span> <span class='ocrx_word' id='word_1_114' title='bbox 854 1179 983 1209; x_wconf 86' lang='lat' dir='ltr'><strong>contra</strong></span> <span class='ocrx_word' id='word_1_115' title='bbox 1016 1174 1113 1209; x_wconf 86' lang='lat' dir='ltr'><strong>istud</strong></span> <span class='ocrx_word' id='word_1_116' title='bbox 1143 1184 1239 1210; x_wconf 88' lang='lat' dir='ltr'><strong>nunc</strong></span> <span class='ocrx_word' id='word_1_117' title='bbox 1268 1174 1411 1209; x_wconf 85' lang='lat' dir='ltr'><strong>dictum</strong></span> <span class='ocrx_word' id='word_1_118' title='bbox 1441 1173 1643 1218; x_wconf 85' lang='lat' dir='ltr'><strong>objiciatur</strong></span> <span class='ocrx_word' id='word_1_119' title='bbox 1676 1174 1786 1218; x_wconf 91' lang='lat' dir='ltr'><strong>quod</strong></span> <span class='ocrx_word' id='word_1_120' title='bbox 1819 1172 1903 1207; x_wconf 78' lang='lat' dir='ltr'><strong>nulla</strong></span> 
     </span>
     <span class='ocr_line' id='line_1_32' title="bbox 632 1229 1905 1276; baseline -0.002 -9"><span class='ocrx_word' id='word_1_121' title='bbox 632 1232 747 1267; x_wconf 86' lang='lat' dir='ltr'><strong>virtus</strong></span> <span class='ocrx_word' id='word_1_122' title='bbox 764 1230 867 1267; x_wconf 84' lang='lat' dir='ltr'><strong>finita</strong></span> <span class='ocrx_word' id='word_1_123' title='bbox 888 1242 928 1267; x_wconf 74' lang='lat' dir='ltr'><strong>se</strong></span> <span class='ocrx_word' id='word_1_124' title='bbox 953 1232 1124 1267; x_wconf 85' lang='lat' dir='ltr'><strong>extendit</strong></span> <span class='ocrx_word' id='word_1_125' title='bbox 1146 1231 1193 1266; x_wconf 89' lang='lat' dir='ltr'><strong>ad</strong></span> <span class='ocrx_word' id='word_1_126' title='bbox 1217 1231 1400 1267; x_wconf 82' lang='lat' dir='ltr'><strong>actionem</strong></span> <span class='ocrx_word' id='word_1_127' title='bbox 1424 1229 1618 1274; x_wconf 84' lang='lat' dir='ltr'><strong>infinitam,</strong></span> <span class='ocrx_word' id='word_1_128' title='bbox 1637 1242 1732 1276; x_wconf 85' lang='lat' dir='ltr'><strong>ergo</strong></span> <span class='ocrx_word' id='word_1_129' title='bbox 1758 1231 1796 1265; x_wconf 86' lang='lat' dir='ltr'><strong>in</strong></span> <span class='ocrx_word' id='word_1_130' title='bbox 1819 1229 1905 1264; x_wconf 79' lang='lat' dir='ltr'><strong>nulla</strong></span> 
     </span>
     <span class='ocr_line' id='line_1_33' title="bbox 634 1287 1904 1335; baseline -0.003 -11"><span class='ocrx_word' id='word_1_131' title='bbox 634 1294 764 1324; x_wconf 82' lang='lat' dir='ltr'><strong>natura</strong></span> <span class='ocrx_word' id='word_1_132' title='bbox 791 1294 914 1332; x_wconf 80' lang='lat' dir='ltr'><strong>posset</strong></span> <span class='ocrx_word' id='word_1_133' title='bbox 938 1289 1079 1335; x_wconf 81' lang='lat' dir='ltr'><strong>species</strong></span> <span class='ocrx_word' id='word_1_134' title='bbox 1105 1299 1171 1324; x_wconf 91' lang='lat' dir='ltr'><strong>nec</strong></span> <span class='ocrx_word' id='word_1_135' title='bbox 1193 1289 1289 1334; x_wconf 84' lang='lat' dir='ltr'><strong>ignis</strong></span> <span class='ocrx_word' id='word_1_136' title='bbox 1313 1287 1389 1324; x_wconf 85' lang='lat' dir='ltr'><strong>fieri</strong></span> <span class='ocrx_word' id='word_1_137' title='bbox 1416 1288 1453 1324; x_wconf 90' lang='lat' dir='ltr'><strong>in</strong></span> <span class='ocrx_word' id='word_1_138' title='bbox 1472 1287 1689 1331; x_wconf 84' lang='lat' dir='ltr'><strong>infinitum3</strong></span> <span class='ocrx_word' id='word_1_139' title='bbox 1714 1288 1904 1324; x_wconf 87' lang='lat' dir='ltr'><strong>dicendum</strong></span> 
     </span>
     <span class='ocr_line' id='line_1_34' title="bbox 633 1346 1905 1392; baseline -0.001 -11"><span class='ocrx_word' id='word_1_140' title='bbox 633 1351 701 1386; x_wconf 83' lang='lat' dir='ltr'><strong>est,</strong></span> <span class='ocrx_word' id='word_1_141' title='bbox 729 1346 831 1392; x_wconf 89' lang='lat' dir='ltr'><strong>quod</strong></span> <span class='ocrx_word' id='word_1_142' title='bbox 862 1346 956 1382; x_wconf 89' lang='lat' dir='ltr'><strong>sicut</strong></span> <span class='ocrx_word' id='word_1_143' title='bbox 985 1347 1022 1381; x_wconf 88' lang='lat' dir='ltr'><strong>in</strong></span> <span class='ocrx_word' id='word_1_144' title='bbox 1048 1346 1225 1381; x_wconf 80' lang='lat' dir='ltr'><strong>divisione</strong></span> <span class='ocrx_word' id='word_1_145' title='bbox 1253 1346 1415 1381; x_wconf 85' lang='lat' dir='ltr'><strong>continui</strong></span> <span class='ocrx_word' id='word_1_146' title='bbox 1446 1346 1622 1391; x_wconf 88' lang='lat' dir='ltr'><strong>ponimus</strong></span> <span class='ocrx_word' id='word_1_147' title='bbox 1651 1346 1759 1391; x_wconf 90' lang='lat' dir='ltr'><strong>quod</strong></span> <span class='ocrx_word' id='word_1_148' title='bbox 1796 1349 1905 1392; x_wconf 79' lang='lat' dir='ltr'><strong>potest</strong></span> 
     </span>
     <span class='ocr_line' id='line_1_35' title="bbox 634 1402 1906 1449; baseline -0.002 -10"><span class='ocrx_word' id='word_1_149' title='bbox 634 1404 764 1439; x_wconf 88' lang='lat' dir='ltr'><strong>divisio</strong></span> <span class='ocrx_word' id='word_1_150' title='bbox 781 1402 859 1439; x_wconf 88' lang='lat' dir='ltr'><strong>fieri</strong></span> <span class='ocrx_word' id='word_1_151' title='bbox 876 1404 913 1439; x_wconf 89' lang='lat' dir='ltr'><strong>in</strong></span> <span class='ocrx_word' id='word_1_152' title='bbox 932 1402 1123 1445; x_wconf 87' lang='lat' dir='ltr'><strong>infinitum,</strong></span> <span class='ocrx_word' id='word_1_153' title='bbox 1141 1403 1178 1438; x_wconf 91' lang='lat' dir='ltr'><strong>id</strong></span> <span class='ocrx_word' id='word_1_154' title='bbox 1198 1409 1265 1446; x_wconf 68' lang='lat' dir='ltr'><strong>eet,</strong></span> <span class='ocrx_word' id='word_1_155' title='bbox 1282 1413 1469 1449; x_wconf 88' lang='lat' dir='ltr'><strong>nunquam</strong></span> <span class='ocrx_word' id='word_1_156' title='bbox 1486 1414 1630 1438; x_wconf 72' lang='lat' dir='ltr'><strong>cessare</strong></span> <span class='ocrx_word' id='word_1_157' title='bbox 1653 1414 1725 1439; x_wconf 92' lang='lat' dir='ltr'><strong>nec</strong></span> <span class='ocrx_word' id='word_1_158' title='bbox 1751 1409 1849 1439; x_wconf 80' lang='lat' dir='ltr'><strong>stare</strong></span> <span class='ocrx_word' id='word_1_159' title='bbox 1867 1403 1906 1438; x_wconf 84' lang='lat' dir='ltr'><strong>ad</strong></span> 
     </span>
     <span class='ocr_line' id='line_1_36' title="bbox 634 1459 1907 1506; baseline -0.001 -10"><span class='ocrx_word' id='word_1_160' title='bbox 634 1460 862 1502; x_wconf 86' lang='lat' dir='ltr'><strong>indivisibile,</strong></span> <span class='ocrx_word' id='word_1_161' title='bbox 879 1471 952 1496; x_wconf 92' lang='lat' dir='ltr'><strong>non</strong></span> <span class='ocrx_word' id='word_1_162' title='bbox 971 1467 1093 1496; x_wconf 88' lang='lat' dir='ltr'><strong>tamen</strong></span> <span class='ocrx_word' id='word_1_163' title='bbox 1111 1461 1213 1506; x_wconf 90' lang='lat' dir='ltr'><strong>quod</strong></span> <span class='ocrx_word' id='word_1_164' title='bbox 1232 1460 1361 1496; x_wconf 88' lang='lat' dir='ltr'><strong>divisio</strong></span> <span class='ocrx_word' id='word_1_165' title='bbox 1381 1461 1428 1496; x_wconf 86' lang='lat' dir='ltr'><strong>sit</strong></span> <span class='ocrx_word' id='word_1_166' title='bbox 1448 1465 1531 1496; x_wconf 90' lang='lat' dir='ltr'><strong>actu</strong></span> <span class='ocrx_word' id='word_1_167' title='bbox 1549 1459 1708 1502; x_wconf 84' lang='lat' dir='ltr'><strong>infinita,</strong></span> <span class='ocrx_word' id='word_1_168' title='bbox 1726 1460 1782 1496; x_wconf 90' lang='lat' dir='ltr'><strong>sic</strong></span> <span class='ocrx_word' id='word_1_169' title='bbox 1799 1466 1854 1496; x_wconf 61' lang='lat' dir='ltr'><strong>eet</strong></span> <span class='ocrx_word' id='word_1_170' title='bbox 1868 1461 1907 1495; x_wconf 89' lang='lat' dir='ltr'><strong>de</strong></span> 
     </span>
     <span class='ocr_line' id='line_1_37' title="bbox 634 1517 1907 1564; baseline 0 -11"><span class='ocrx_word' id='word_1_171' title='bbox 634 1519 869 1563; x_wconf 87' lang='lat' dir='ltr'><strong>appositione</strong></span> <span class='ocrx_word' id='word_1_172' title='bbox 886 1519 1060 1553; x_wconf 88' lang='lat' dir='ltr'><strong>materiae</strong></span> <span class='ocrx_word' id='word_1_173' title='bbox 1077 1525 1115 1554; x_wconf 91' lang='lat' dir='ltr'><strong>et</strong></span> <span class='ocrx_word' id='word_1_174' title='bbox 1137 1519 1184 1554; x_wconf 89' lang='lat' dir='ltr'><strong>de</strong></span> <span class='ocrx_word' id='word_1_175' title='bbox 1204 1519 1440 1564; x_wconf 87' lang='lat' dir='ltr'><strong>generatione</strong></span> <span class='ocrx_word' id='word_1_176' title='bbox 1463 1518 1598 1563; x_wconf 89' lang='lat' dir='ltr'><strong>speciei</strong></span> <span class='ocrx_word' id='word_1_177' title='bbox 1615 1519 1678 1553; x_wconf 89' lang='lat' dir='ltr'><strong>vel</strong></span> <span class='ocrx_word' id='word_1_178' title='bbox 1698 1519 1799 1564; x_wconf 85' lang='lat' dir='ltr'><strong>ignis</strong></span> <span class='ocrx_word' id='word_1_179' title='bbox 1819 1517 1907 1563; x_wconf 86' lang='lat' dir='ltr'><strong>quod</strong></span> 
     </span>
     <span class='ocr_line' id='line_1_38' title="bbox 634 1575 1905 1621; baseline 0.001 -11"><span class='ocrx_word' id='word_1_180' title='bbox 634 1576 670 1611; x_wconf 88' lang='lat' dir='ltr'><strong>in</strong></span> <span class='ocrx_word' id='word_1_181' title='bbox 689 1575 873 1611; x_wconf 85' lang='lat' dir='ltr'><strong>infinitum</strong></span> <span class='ocrx_word' id='word_1_182' title='bbox 895 1575 1010 1615; x_wconf 84' lang='lat' dir='ltr'><strong>fieret,</strong></span> <span class='ocrx_word' id='word_1_183' title='bbox 1029 1575 1064 1612; x_wconf 88' lang='lat' dir='ltr'><strong>id</strong></span> <span class='ocrx_word' id='word_1_184' title='bbox 1088 1582 1144 1612; x_wconf 88' lang='lat' dir='ltr'><strong>est</strong></span> <span class='ocrx_word' id='word_1_185' title='bbox 1161 1586 1233 1611; x_wconf 87' lang='lat' dir='ltr'><strong>non</strong></span> <span class='ocrx_word' id='word_1_186' title='bbox 1252 1581 1432 1618; x_wconf 79' lang='lat' dir='ltr'><strong>cessaret3</strong></span> <span class='ocrx_word' id='word_1_187' title='bbox 1456 1586 1523 1610; x_wconf 90' lang='lat' dir='ltr'><strong>nec</strong></span> <span class='ocrx_word' id='word_1_188' title='bbox 1546 1580 1677 1611; x_wconf 85' lang='lat' dir='ltr'><strong>tamen</strong></span> <span class='ocrx_word' id='word_1_189' title='bbox 1694 1576 1802 1621; x_wconf 91' lang='lat' dir='ltr'><strong>quod</strong></span> <span class='ocrx_word' id='word_1_190' title='bbox 1819 1575 1905 1611; x_wconf 82' lang='lat' dir='ltr'><strong>actio</strong></span> 
     </span>
     <span class='ocr_line' id='line_1_39' title="bbox 635 1632 1906 1678; baseline -0.001 -10"><span class='ocrx_word' id='word_1_191' title='bbox 635 1639 732 1668; x_wconf 90' lang='lat' dir='ltr'><strong>esset</strong></span> <span class='ocrx_word' id='word_1_192' title='bbox 748 1638 833 1668; x_wconf 91' lang='lat' dir='ltr'><strong>actu</strong></span> <span class='ocrx_word' id='word_1_193' title='bbox 854 1632 1003 1668; x_wconf 85' lang='lat' dir='ltr'><strong>infinita.</strong></span> <span class='ocrx_word' id='word_1_194' title='bbox 1054 1633 1261 1669; x_wconf 90' lang='lat' dir='ltr'><strong>Dicendum</strong></span> <span class='ocrx_word' id='word_1_195' title='bbox 1284 1632 1393 1678; x_wconf 86' lang='lat' dir='ltr'><strong>igitur</strong></span> <span class='ocrx_word' id='word_1_196' title='bbox 1412 1632 1512 1678; x_wconf 90' lang='lat' dir='ltr'><strong>quod</strong></span> <span class='ocrx_word' id='word_1_197' title='bbox 1529 1632 1647 1667; x_wconf 83' lang='lat' dir='ltr'><strong>virtus</strong></span> <span class='ocrx_word' id='word_1_198' title='bbox 1672 1632 1820 1669; x_wconf 86' lang='lat' dir='ltr'><strong>infinita</strong></span> <span class='ocrx_word' id='word_1_199' title='bbox 1842 1643 1906 1667; x_wconf 91' lang='lat' dir='ltr'><strong>non</strong></span> 
     </span>
     <span class='ocr_line' id='line_1_40' title="bbox 634 1689 1909 1732; baseline -0.001 -8"><span class='ocrx_word' id='word_1_200' title='bbox 634 1700 674 1725; x_wconf 88' lang='lat' dir='ltr'><strong>se</strong></span> <span class='ocrx_word' id='word_1_201' title='bbox 700 1690 813 1724; x_wconf 91' lang='lat' dir='ltr'><strong>habet</strong></span> <span class='ocrx_word' id='word_1_202' title='bbox 843 1690 952 1724; x_wconf 88' lang='lat' dir='ltr'><strong>simul</strong></span> <span class='ocrx_word' id='word_1_203' title='bbox 979 1695 1017 1732; x_wconf 79' lang='lat' dir='ltr'><strong>et</strong></span> <span class='ocrx_word' id='word_1_204' title='bbox 1045 1690 1158 1725; x_wconf 83' lang='lat' dir='ltr'><strong>semel</strong></span> <span class='ocrx_word' id='word_1_205' title='bbox 1185 1691 1233 1726; x_wconf 86' lang='lat' dir='ltr'><strong>ad</strong></span> <span class='ocrx_word' id='word_1_206' title='bbox 1262 1689 1440 1726; x_wconf 85' lang='lat' dir='ltr'><strong>infinitam</strong></span> <span class='ocrx_word' id='word_1_207' title='bbox 1467 1689 1650 1725; x_wconf 85' lang='lat' dir='ltr'><strong>actionem</strong></span> <span class='ocrx_word' id='word_1_208' title='bbox 1684 1690 1723 1725; x_wconf 90' lang='lat' dir='ltr'><strong>in</strong></span> <span class='ocrx_word' id='word_1_209' title='bbox 1758 1696 1846 1726; x_wconf 87' lang='lat' dir='ltr'><strong>actu</strong></span> <span class='ocrx_word' id='word_1_210' title='bbox 1876 1695 1909 1724; x_wconf 86' lang='lat' dir='ltr'><strong>et</strong></span> 
     </span>
     <span class='ocr_line' id='line_1_41' title="bbox 635 1746 1908 1793; baseline -0.001 -11"><span class='ocrx_word' id='word_1_211' title='bbox 635 1747 822 1787; x_wconf 88' lang='lat' dir='ltr'><strong>intensive,</strong></span> <span class='ocrx_word' id='word_1_212' title='bbox 855 1747 919 1782; x_wconf 90' lang='lat' dir='ltr'><strong>sed</strong></span> <span class='ocrx_word' id='word_1_213' title='bbox 961 1748 1055 1783; x_wconf 91' lang='lat' dir='ltr'><strong>bene</strong></span> <span class='ocrx_word' id='word_1_214' title='bbox 1088 1752 1212 1793; x_wconf 89' lang='lat' dir='ltr'><strong>potest</strong></span> <span class='ocrx_word' id='word_1_215' title='bbox 1244 1746 1319 1782; x_wconf 84' lang='lat' dir='ltr'><strong>fieri</strong></span> <span class='ocrx_word' id='word_1_216' title='bbox 1356 1747 1479 1793; x_wconf 84' lang='lat' dir='ltr'><strong>aliqua</strong></span> <span class='ocrx_word' id='word_1_217' title='bbox 1514 1746 1609 1782; x_wconf 87' lang='lat' dir='ltr'><strong>actio</strong></span> <span class='ocrx_word' id='word_1_218' title='bbox 1643 1747 1727 1783; x_wconf 88' lang='lat' dir='ltr'><strong>sine</strong></span> <span class='ocrx_word' id='word_1_219' title='bbox 1771 1747 1844 1783; x_wconf 83' lang='lat' dir='ltr'><strong>fine</strong></span> <span class='ocrx_word' id='word_1_220' title='bbox 1878 1748 1908 1781; x_wconf 89' lang='lat' dir='ltr'><strong>in</strong></span> 
     </span>
     <span class='ocr_line' id='line_1_42' title="bbox 636 1804 1910 1852; baseline -0.001 -12"><span class='ocrx_word' id='word_1_221' title='bbox 636 1811 812 1850; x_wconf 89' lang='lat' dir='ltr'><strong>tempore,</strong></span> <span class='ocrx_word' id='word_1_222' title='bbox 828 1805 864 1839; x_wconf 92' lang='lat' dir='ltr'><strong>id</strong></span> <span class='ocrx_word' id='word_1_223' title='bbox 891 1811 956 1846; x_wconf 89' lang='lat' dir='ltr'><strong>est,</strong></span> <span class='ocrx_word' id='word_1_224' title='bbox 975 1805 1189 1847; x_wconf 88' lang='lat' dir='ltr'><strong>continuari,</strong></span> <span class='ocrx_word' id='word_1_225' title='bbox 1207 1805 1400 1852; x_wconf 85' lang='lat' dir='ltr'><strong>praecipue</strong></span> <span class='ocrx_word' id='word_1_226' title='bbox 1423 1815 1495 1839; x_wconf 89' lang='lat' dir='ltr'><strong>una</strong></span> <span class='ocrx_word' id='word_1_227' title='bbox 1517 1804 1614 1839; x_wconf 86' lang='lat' dir='ltr'><strong>actio</strong></span> <span class='ocrx_word' id='word_1_228' title='bbox 1636 1806 1853 1850; x_wconf 85' lang='lat' dir='ltr'><strong>composita</strong></span> <span class='ocrx_word' id='word_1_229' title='bbox 1877 1811 1910 1839; x_wconf 87' lang='lat' dir='ltr'><strong>et</strong></span> 
     </span>
     <span class='ocr_line' id='line_1_43' title="bbox 636 1862 1910 1908; baseline 0 -11"><span class='ocrx_word' id='word_1_230' title='bbox 636 1868 836 1908; x_wconf 86' lang='lat' dir='ltr'><strong>aggregata</strong></span> <span class='ocrx_word' id='word_1_231' title='bbox 853 1874 901 1898; x_wconf 85' lang='lat' dir='ltr'><strong>ex</strong></span> <span class='ocrx_word' id='word_1_232' title='bbox 919 1862 1067 1897; x_wconf 86' lang='lat' dir='ltr'><strong>infinitis</strong></span> <span class='ocrx_word' id='word_1_233' title='bbox 1083 1862 1153 1898; x_wconf 88' lang='lat' dir='ltr'><strong>sibi</strong></span> <span class='ocrx_word' id='word_1_234' title='bbox 1176 1862 1330 1898; x_wconf 88' lang='lat' dir='ltr'><strong>invicem</strong></span> <span class='ocrx_word' id='word_1_235' title='bbox 1348 1862 1634 1904; x_wconf 86' lang='lat' dir='ltr'><strong>succedentibus,</strong></span> <span class='ocrx_word' id='word_1_236' title='bbox 1652 1868 1697 1898; x_wconf 91' lang='lat' dir='ltr'><strong>ut</strong></span> <span class='ocrx_word' id='word_1_237' title='bbox 1720 1862 1857 1899; x_wconf 78' lang='lat' dir='ltr'><strong>divisio</strong></span> <span class='ocrx_word' id='word_1_238' title='bbox 1878 1863 1910 1897; x_wconf 87' lang='lat' dir='ltr'><strong>in</strong></span> 
     </span>
     <span class='ocr_line' id='line_1_44' title="bbox 636 1917 1911 1967; baseline 0 -13"><span class='ocrx_word' id='word_1_239' title='bbox 636 1919 835 1963; x_wconf 85' lang='lat' dir='ltr'><strong>infinitum,</strong></span> <span class='ocrx_word' id='word_1_240' title='bbox 867 1931 963 1965; x_wconf 87' lang='lat' dir='ltr'><strong>quae</strong></span> <span class='ocrx_word' id='word_1_241' title='bbox 996 1932 1045 1955; x_wconf 86' lang='lat' dir='ltr'><strong>ex</strong></span> <span class='ocrx_word' id='word_1_242' title='bbox 1079 1917 1230 1956; x_wconf 86' lang='lat' dir='ltr'><strong>infinitis</strong></span> <span class='ocrx_word' id='word_1_243' title='bbox 1262 1920 1499 1955; x_wconf 86' lang='lat' dir='ltr'><strong>divisionibus</strong></span> <span class='ocrx_word' id='word_1_244' title='bbox 1537 1925 1725 1963; x_wconf 83' lang='lat' dir='ltr'><strong>causatur,</strong></span> <span class='ocrx_word' id='word_1_245' title='bbox 1758 1931 1911 1967; x_wconf 83' lang='lat' dir='ltr'><strong>quarum</strong></span> 
     </span>
     <span class='ocr_line' id='line_1_45' title="bbox 634 1976 1912 2023; baseline -0.001 -11"><span class='ocrx_word' id='word_1_246' title='bbox 634 1977 819 2023; x_wconf 88' lang='lat' dir='ltr'><strong>quaelibet</strong></span> <span class='ocrx_word' id='word_1_247' title='bbox 846 1984 902 2014; x_wconf 91' lang='lat' dir='ltr'><strong>est</strong></span> <span class='ocrx_word' id='word_1_248' title='bbox 926 1978 962 2013; x_wconf 88' lang='lat' dir='ltr'><strong>in</strong></span> <span class='ocrx_word' id='word_1_249' title='bbox 984 1989 1024 2014; x_wconf 89' lang='lat' dir='ltr'><strong>se</strong></span> <span class='ocrx_word' id='word_1_250' title='bbox 1052 1977 1164 2014; x_wconf 82' lang='lat' dir='ltr'><strong>finita.</strong></span> <span class='ocrx_word' id='word_1_251' title='bbox 1214 1977 1265 2013; x_wconf 84' lang='lat' dir='ltr'><strong>Et</strong></span> <span class='ocrx_word' id='word_1_252' title='bbox 1289 1978 1340 2013; x_wconf 90' lang='lat' dir='ltr'><strong>sic</strong></span> <span class='ocrx_word' id='word_1_253' title='bbox 1359 1984 1416 2013; x_wconf 88' lang='lat' dir='ltr'><strong>est</strong></span> <span class='ocrx_word' id='word_1_254' title='bbox 1439 1978 1508 2020; x_wconf 89' lang='lat' dir='ltr'><strong>hic,</strong></span> <span class='ocrx_word' id='word_1_255' title='bbox 1523 1977 1716 2023; x_wconf 86' lang='lat' dir='ltr'><strong>quaelibet</strong></span> <span class='ocrx_word' id='word_1_256' title='bbox 1739 1979 1839 2013; x_wconf 89' lang='lat' dir='ltr'><strong>actio</strong></span> <span class='ocrx_word' id='word_1_257' title='bbox 1858 1976 1912 2012; x_wconf 85' lang='lat' dir='ltr'><strong>vel</strong></span> 
     </span>
     <span class='ocr_line' id='line_1_46' title="bbox 634 2034 1912 2082; baseline 0 -12"><span class='ocrx_word' id='word_1_258' title='bbox 634 2035 822 2081; x_wconf 86' lang='lat' dir='ltr'><strong>generatio</strong></span> <span class='ocrx_word' id='word_1_259' title='bbox 844 2035 976 2081; x_wconf 91' lang='lat' dir='ltr'><strong>speciei</strong></span> <span class='ocrx_word' id='word_1_260' title='bbox 999 2042 1038 2072; x_wconf 90' lang='lat' dir='ltr'><strong>et</strong></span> <span class='ocrx_word' id='word_1_261' title='bbox 1062 2035 1155 2082; x_wconf 81' lang='lat' dir='ltr'><strong>ignis</strong></span> <span class='ocrx_word' id='word_1_262' title='bbox 1177 2041 1234 2071; x_wconf 91' lang='lat' dir='ltr'><strong>est</strong></span> <span class='ocrx_word' id='word_1_263' title='bbox 1254 2034 1355 2071; x_wconf 86' lang='lat' dir='ltr'><strong>finita</strong></span> <span class='ocrx_word' id='word_1_264' title='bbox 1377 2041 1414 2071; x_wconf 91' lang='lat' dir='ltr'><strong>et</strong></span> <span class='ocrx_word' id='word_1_265' title='bbox 1437 2036 1474 2069; x_wconf 90' lang='lat' dir='ltr'><strong>in</strong></span> <span class='ocrx_word' id='word_1_266' title='bbox 1499 2040 1668 2080; x_wconf 90' lang='lat' dir='ltr'><strong>tempore</strong></span> <span class='ocrx_word' id='word_1_267' title='bbox 1697 2034 1826 2075; x_wconf 82' lang='lat' dir='ltr'><strong>finito;</strong></span> <span class='ocrx_word' id='word_1_268' title='bbox 1851 2035 1912 2070; x_wconf 87' lang='lat' dir='ltr'><strong>sed</strong></span> 
     </span>
     <span class='ocr_line' id='line_1_47' title="bbox 634 2092 1910 2139; baseline 0 -12"><span class='ocrx_word' id='word_1_269' title='bbox 634 2098 758 2128; x_wconf 88' lang='lat' dir='ltr'><strong>tamen</strong></span> <span class='ocrx_word' id='word_1_270' title='bbox 789 2092 860 2128; x_wconf 89' lang='lat' dir='ltr'><strong>hae</strong></span> <span class='ocrx_word' id='word_1_271' title='bbox 884 2098 1038 2139; x_wconf 88' lang='lat' dir='ltr'><strong>possunt</strong></span> <span class='ocrx_word' id='word_1_272' title='bbox 1072 2094 1268 2129; x_wconf 88' lang='lat' dir='ltr'><strong>succedere</strong></span> <span class='ocrx_word' id='word_1_273' title='bbox 1300 2093 1370 2128; x_wconf 88' lang='lat' dir='ltr'><strong>sibi</strong></span> <span class='ocrx_word' id='word_1_274' title='bbox 1405 2093 1560 2128; x_wconf 88' lang='lat' dir='ltr'><strong>invicem</strong></span> <span class='ocrx_word' id='word_1_275' title='bbox 1594 2093 1628 2126; x_wconf 85' lang='lat' dir='ltr'><strong>in</strong></span> <span class='ocrx_word' id='word_1_276' title='bbox 1667 2092 1855 2128; x_wconf 85' lang='lat' dir='ltr'><strong>infinitum</strong></span> <span class='ocrx_word' id='word_1_277' title='bbox 1883 2092 1910 2128; x_wconf 89' lang='lat' dir='ltr'><strong>si</strong></span> 
     </span>
     <span class='ocr_line' id='line_1_48' title="bbox 635 2148 1912 2198; baseline 0 -13"><span class='ocrx_word' id='word_1_278' title='bbox 635 2150 789 2186; x_wconf 86' lang='lat' dir='ltr'><strong>materia</strong></span> <span class='ocrx_word' id='word_1_279' title='bbox 806 2150 922 2197; x_wconf 86' lang='lat' dir='ltr'><strong>magis</strong></span> <span class='ocrx_word' id='word_1_280' title='bbox 943 2162 985 2186; x_wconf 85' lang='lat' dir='ltr'><strong>ac</strong></span> <span class='ocrx_word' id='word_1_281' title='bbox 1007 2150 1124 2198; x_wconf 84' lang='lat' dir='ltr'><strong>magis</strong></span> <span class='ocrx_word' id='word_1_282' title='bbox 1149 2157 1238 2197; x_wconf 88' lang='lat' dir='ltr'><strong>apta</strong></span> <span class='ocrx_word' id='word_1_283' title='bbox 1263 2154 1512 2196; x_wconf 84' lang='lat' dir='ltr'><strong>apponeretur</strong></span> <span class='ocrx_word' id='word_1_284' title='bbox 1531 2148 1567 2183; x_wconf 88' lang='lat' dir='ltr'><strong>in</strong></span> <span class='ocrx_word' id='word_1_285' title='bbox 1588 2148 1788 2185; x_wconf 88' lang='lat' dir='ltr'><strong>infinitum.</strong></span> <span class='ocrx_word' id='word_1_286' title='bbox 1841 2149 1912 2185; x_wconf 85' lang='lat' dir='ltr'><strong>Sed</strong></span> 
     </span>
     <span class='ocr_line' id='line_1_49' title="bbox 635 2205 1913 2253; baseline 0 -12"><span class='ocrx_word' id='word_1_287' title='bbox 635 2218 709 2242; x_wconf 91' lang='lat' dir='ltr'><strong>non</strong></span> <span class='ocrx_word' id='word_1_288' title='bbox 727 2212 783 2243; x_wconf 86' lang='lat' dir='ltr'><strong>est</strong></span> <span class='ocrx_word' id='word_1_289' title='bbox 800 2207 973 2253; x_wconf 86' lang='lat' dir='ltr'><strong>possibile</strong></span> <span class='ocrx_word' id='word_1_290' title='bbox 989 2208 1089 2253; x_wconf 91' lang='lat' dir='ltr'><strong>quod</strong></span> <span class='ocrx_word' id='word_1_291' title='bbox 1114 2208 1264 2243; x_wconf 89' lang='lat' dir='ltr'><strong>materia</strong></span> <span class='ocrx_word' id='word_1_292' title='bbox 1281 2207 1364 2242; x_wconf 83' lang='lat' dir='ltr'><strong>talis</strong></span> <span class='ocrx_word' id='word_1_293' title='bbox 1388 2205 1588 2242; x_wconf 83' lang='lat' dir='ltr'><strong>inveniatur</strong></span> <span class='ocrx_word' id='word_1_294' title='bbox 1609 2205 1645 2241; x_wconf 86' lang='lat' dir='ltr'><strong>in</strong></span> <span class='ocrx_word' id='word_1_295' title='bbox 1670 2205 1746 2242; x_wconf 87' lang='lat' dir='ltr'><strong>hoc</strong></span> <span class='ocrx_word' id='word_1_296' title='bbox 1763 2208 1913 2249; x_wconf 88' lang='lat' dir='ltr'><strong>mundo,</strong></span> 
     </span>
     <span class='ocr_line' id='line_1_50' title="bbox 634 2263 1735 2310; baseline 0.001 -11"><span class='ocrx_word' id='word_1_297' title='bbox 634 2270 672 2300; x_wconf 90' lang='lat' dir='ltr'><strong>et</strong></span> <span class='ocrx_word' id='word_1_298' title='bbox 689 2264 773 2300; x_wconf 90' lang='lat' dir='ltr'><strong>ideo</strong></span> <span class='ocrx_word' id='word_1_299' title='bbox 789 2264 923 2310; x_wconf 86' lang='lat' dir='ltr'><strong>speciei</strong></span> <span class='ocrx_word' id='word_1_300' title='bbox 941 2265 1198 2310; x_wconf 84' lang='lat' dir='ltr'><strong>multiplicatio</strong></span> <span class='ocrx_word' id='word_1_301' title='bbox 1213 2270 1287 2300; x_wconf 86' lang='lat' dir='ltr'><strong>stat</strong></span> <span class='ocrx_word' id='word_1_302' title='bbox 1304 2265 1340 2300; x_wconf 84' lang='lat' dir='ltr'><strong>in</strong></span> <span class='ocrx_word' id='word_1_303' title='bbox 1360 2270 1445 2299; x_wconf 84' lang='lat' dir='ltr'><strong>actu</strong></span> <span class='ocrx_word' id='word_1_304' title='bbox 1462 2263 1557 2299; x_wconf 85' lang='lat' dir='ltr'><strong>sicut</strong></span> <span class='ocrx_word' id='word_1_305' title='bbox 1573 2269 1610 2299; x_wconf 88' lang='lat' dir='ltr'><strong>et</strong></span> <span class='ocrx_word' id='word_1_306' title='bbox 1628 2263 1735 2310; x_wconf 79' lang='lat' dir='ltr'><strong>ignis.</strong></span> 
     </span>
    </p>

    <p class='ocr_par' dir='ltr' id='par_1_6' title="bbox 634 2320 1913 2543">
     <span class='ocr_line' id='line_1_51' title="bbox 683 2320 1910 2368; baseline 0.002 -10"><span class='ocrx_word' id='word_1_307' title='bbox 683 2320 723 2358; x_wconf 90' lang='lat' dir='ltr'><strong>Si</strong></span> <span class='ocrx_word' id='word_1_308' title='bbox 748 2333 836 2357; x_wconf 90' lang='lat' dir='ltr'><strong>vero</strong></span> <span class='ocrx_word' id='word_1_309' title='bbox 860 2323 1003 2358; x_wconf 85' lang='lat' dir='ltr'><strong>dicatur</strong></span> <span class='ocrx_word' id='word_1_310' title='bbox 1027 2323 1129 2368; x_wconf 92' lang='lat' dir='ltr'><strong>quod</strong></span> <span class='ocrx_word' id='word_1_311' title='bbox 1153 2323 1294 2368; x_wconf 77' lang='lat' dir='ltr'><strong>species</strong></span> <span class='ocrx_word' id='word_1_312' title='bbox 1318 2322 1354 2357; x_wconf 90' lang='lat' dir='ltr'><strong>in</strong></span> <span class='ocrx_word' id='word_1_313' title='bbox 1380 2328 1485 2367; x_wconf 86' lang='lat' dir='ltr'><strong>parte</strong></span> <span class='ocrx_word' id='word_1_314' title='bbox 1511 2321 1621 2367; x_wconf 84' lang='lat' dir='ltr'><strong>priori</strong></span> <span class='ocrx_word' id='word_1_315' title='bbox 1646 2330 1828 2368; x_wconf 81' lang='lat' dir='ltr'><strong>generata</strong></span> <span class='ocrx_word' id='word_1_316' title='bbox 1856 2330 1910 2360; x_wconf 65' lang='lat' dir='ltr'><strong>est</strong></span> 
     </span>
     <span class='ocr_line' id='line_1_52' title="bbox 635 2379 1913 2427; baseline 0.002 -14"><span class='ocrx_word' id='word_1_317' title='bbox 635 2379 798 2425; x_wconf 84' lang='lat' dir='ltr'><strong>aequalis</strong></span> <span class='ocrx_word' id='word_1_318' title='bbox 828 2379 887 2414; x_wconf 90' lang='lat' dir='ltr'><strong>vel</strong></span> <span class='ocrx_word' id='word_1_319' title='bbox 917 2380 1113 2427; x_wconf 85' lang='lat' dir='ltr'><strong>multiplex</strong></span> <span class='ocrx_word' id='word_1_320' title='bbox 1151 2381 1198 2416; x_wconf 88' lang='lat' dir='ltr'><strong>ad</strong></span> <span class='ocrx_word' id='word_1_321' title='bbox 1231 2380 1390 2427; x_wconf 87' lang='lat' dir='ltr'><strong>speciem</strong></span> <span class='ocrx_word' id='word_1_322' title='bbox 1427 2379 1463 2415; x_wconf 89' lang='lat' dir='ltr'><strong>in</strong></span> <span class='ocrx_word' id='word_1_323' title='bbox 1498 2379 1689 2427; x_wconf 84' lang='lat' dir='ltr'><strong>posteriori</strong></span> <span class='ocrx_word' id='word_1_324' title='bbox 1721 2387 1830 2427; x_wconf 85' lang='lat' dir='ltr'><strong>parte</strong></span> <span class='ocrx_word' id='word_1_325' title='bbox 1858 2382 1913 2417; x_wconf 87' lang='lat' dir='ltr'><strong>vel</strong></span> 
     </span>
     <span class='ocr_line' id='line_1_53' title="bbox 634 2438 1912 2486; baseline 0.003 -14"><span class='ocrx_word' id='word_1_326' title='bbox 634 2438 837 2472; x_wconf 88' lang='lat' dir='ltr'><strong>secundum</strong></span> <span class='ocrx_word' id='word_1_327' title='bbox 855 2438 1015 2483; x_wconf 88' lang='lat' dir='ltr'><strong>speciem</strong></span> <span class='ocrx_word' id='word_1_328' title='bbox 1033 2438 1192 2484; x_wconf 79' lang='lat' dir='ltr'><strong>aliquam</strong></span> <span class='ocrx_word' id='word_1_329' title='bbox 1212 2439 1359 2483; x_wconf 86' lang='lat' dir='ltr'><strong>majoris</strong></span> <span class='ocrx_word' id='word_1_330' title='bbox 1376 2438 1656 2486; x_wconf 84' lang='lat' dir='ltr'><strong>inaequalitatis,</strong></span> <span class='ocrx_word' id='word_1_331' title='bbox 1674 2449 1767 2485; x_wconf 83' lang='lat' dir='ltr'><strong>ergo</strong></span> <span class='ocrx_word' id='word_1_332' title='bbox 1783 2450 1912 2476; x_wconf 85' lang='lat' dir='ltr'><strong>secun·</strong></span> 
     </span>
     <span class='ocr_line' id='line_1_54' title="bbox 635 2494 1912 2543; baseline 0.001 -12"><span class='ocrx_word' id='word_1_333' title='bbox 635 2495 723 2531; x_wconf 90' lang='lat' dir='ltr'><strong>dum</strong></span> <span class='ocrx_word' id='word_1_334' title='bbox 741 2495 1066 2531; x_wconf 85' lang='lat' dir='ltr'><strong>considerationem</strong></span> <span class='ocrx_word' id='word_1_335' title='bbox 1083 2495 1297 2532; x_wconf 84' lang='lat' dir='ltr'><strong>Aristotelis</strong></span> <span class='ocrx_word' id='word_1_336' title='bbox 1308 2494 1319 2516; x_wconf 96' lang='lat'>¹</span> <span class='ocrx_word' id='word_1_337' title='bbox 1339 2496 1375 2531; x_wconf 89' lang='lat' dir='ltr'><strong>in</strong></span> <span class='ocrx_word' id='word_1_338' title='bbox 1399 2498 1557 2543; x_wconf 85' lang='lat' dir='ltr'><strong>septimo</strong></span> <span class='ocrx_word' id='word_1_339' title='bbox 1580 2495 1836 2541; x_wconf 85' lang='lat' dir='ltr'><strong>Physicorum‚</strong></span> <span class='ocrx_word' id='word_1_340' title='bbox 1853 2497 1912 2532; x_wconf 89' lang='lat' dir='ltr'><strong>ubi</strong></span> 
     </span>
    </p>
   </div>
   <div class='ocr_carea' id='block_1_5' title="bbox 633 2567 1917 2776">
    <p class='ocr_par' dir='ltr' id='par_1_7' title="bbox 633 2567 1917 2776">
     <span class='ocr_line' id='line_1_55' title="bbox 672 2567 1914 2604; baseline 0.002 -9"><span class='ocrx_word' id='word_1_341' title='bbox 672 2567 682 2584; x_wconf 80' lang='lat'>¹</span> <span class='ocrx_word' id='word_1_342' title='bbox 700 2567 767 2595; x_wconf 78' lang='lat' dir='ltr'><strong>Nat.</strong></span> <span class='ocrx_word' id='word_1_343' title='bbox 787 2567 930 2601; x_wconf 55' lang='grc' dir='ltr'><strong>κίνει-ΜΛ,</strong></span> <span class='ocrx_word' id='word_1_344' title='bbox 943 2568 991 2596; x_wconf 88' lang='lat' dir='ltr'><strong>lib.</strong></span> <span class='ocrx_word' id='word_1_345' title='bbox 1004 2569 1052 2597; x_wconf 79' lang='lat' dir='ltr'><strong>vii.</strong></span> <span class='ocrx_word' id='word_1_346' title='bbox 1064 2577 1127 2604; x_wconf 68' lang='lat' dir='ltr'><strong>etp.</strong></span> <span class='ocrx_word' id='word_1_347' title='bbox 1141 2576 1167 2603; x_wconf 83' lang='grc'><strong>5,</strong></span> <span class='ocrx_word' id='word_1_348' title='bbox 1182 2570 1197 2601; x_wconf 71' lang='lat'><em>⁵</em></span> <span class='ocrx_word' id='word_1_349' title='bbox 1215 2577 1227 2597; x_wconf 83' lang='lat'>1</span> <span class='ocrx_word' id='word_1_350' title='bbox 1243 2569 1267 2596; x_wconf 69' lang='lat' dir='ltr'>d</span> <span class='ocrx_word' id='word_1_351' title='bbox 1278 2568 1312 2603; x_wconf 70' lang='grc' dir='ltr'><strong>δὴ</strong></span> <span class='ocrx_word' id='word_1_352' title='bbox 1328 2567 1362 2596; x_wconf 77' lang='grc' dir='ltr'><strong>τὸ</strong></span> <span class='ocrx_word' id='word_1_353' title='bbox 1373 2570 1424 2603; x_wconf 68' lang='grc' dir='ltr'><strong>μὴ</strong></span> <span class='ocrx_word' id='word_1_354' title='bbox 1436 2572 1459 2596; x_wconf 80' lang='grc' dir='ltr'><strong>Δ</strong></span> <span class='ocrx_word' id='word_1_355' title='bbox 1478 2568 1512 2596; x_wconf 76' lang='grc' dir='ltr'><strong>τὸ</strong></span> <span class='ocrx_word' id='word_1_356' title='bbox 1523 2568 1622 2601; x_wconf 70' lang='grc' dir='ltr'><strong>κινοῦν,</strong></span> <span class='ocrx_word' id='word_1_357' title='bbox 1634 2567 1669 2595; x_wconf 74' lang='grc' dir='ltr'><strong>τὸ</strong></span> <span class='ocrx_word' id='word_1_358' title='bbox 1683 2567 1713 2596; x_wconf 64' lang='lat'><strong>⁸³</strong></span> <span class='ocrx_word' id='word_1_359' title='bbox 1734 2571 1757 2596; x_wconf 81' lang='lat' dir='ltr'>B</span> <span class='ocrx_word' id='word_1_360' title='bbox 1775 2568 1810 2596; x_wconf 70' lang='grc' dir='ltr'><strong>τῦ</strong></span> <span class='ocrx_word' id='word_1_361' title='bbox 1829 2569 1914 2597; x_wconf 67' lang='lat' dir='ltr'><strong>nvo-&#39;-</strong></span> 
     </span>
     <span class='ocr_line' id='line_1_56' title="bbox 633 2610 1917 2654; baseline 0.002 -17"><span class='ocrx_word' id='word_1_362' title='bbox 633 2620 724 2646; x_wconf 71' lang='grc' dir='ltr'><strong><em>μινον,</em></strong></span> <span class='ocrx_word' id='word_1_363' title='bbox 738 2611 803 2638; x_wconf 72' lang='grc' dir='ltr'><strong>ὅσον</strong></span> <span class='ocrx_word' id='word_1_364' title='bbox 812 2611 841 2638; x_wconf 68' lang='grc' dir='ltr'><strong>δὲ</strong></span> <span class='ocrx_word' id='word_1_365' title='bbox 854 2611 987 2646; x_wconf 71' lang='grc' dir='ltr'>κεκίνηται</span> <span class='ocrx_word' id='word_1_366' title='bbox 999 2612 1083 2646; x_wconf 60' lang='lat' dir='ltr'><strong>[dim</strong></span> <span class='ocrx_word' id='word_1_367' title='bbox 1093 2611 1127 2638; x_wconf 75' lang='grc' dir='ltr'><strong>τὸ</strong></span> <span class='ocrx_word' id='word_1_368' title='bbox 1141 2615 1170 2647; x_wconf 77' lang='grc' dir='ltr'><strong>Γ,</strong></span> <span class='ocrx_word' id='word_1_369' title='bbox 1184 2612 1214 2639; x_wconf 64' lang='grc' dir='ltr'><strong>ὃν</strong></span> <span class='ocrx_word' id='word_1_370' title='bbox 1229 2611 1285 2647; x_wconf 64' lang='grc' dir='ltr'><strong>ὅσῳ</strong></span> <span class='ocrx_word' id='word_1_371' title='bbox 1298 2613 1325 2639; x_wconf 70' lang='grc' dir='ltr'><strong>δὲ</strong></span> <span class='ocrx_word' id='word_1_372' title='bbox 1339 2612 1355 2639; x_wconf 80' lang='grc' dir='ltr'><strong><em>ὁ</em></strong></span> <span class='ocrx_word' id='word_1_373' title='bbox 1367 2612 1464 2654; x_wconf 59' lang='grc' dir='ltr'><strong>χρόνον</strong></span> <span class='ocrx_word' id='word_1_374' title='bbox 1476 2611 1519 2648; x_wconf 56' lang='lat'><strong>⁸4⁹</strong></span> <span class='ocrx_word' id='word_1_375' title='bbox 1531 2610 1562 2640; x_wconf 73' lang='grc' dir='ltr'><strong>οὗ</strong></span> <span class='ocrx_word' id='word_1_376' title='bbox 1574 2617 1608 2638; x_wconf 82' lang='grc' dir='ltr'><strong>Δ·</strong></span> <span class='ocrx_word' id='word_1_377' title='bbox 1621 2612 1650 2639; x_wconf 70' lang='grc' dir='ltr'><strong>δν</strong></span> <span class='ocrx_word' id='word_1_378' title='bbox 1662 2613 1696 2646; x_wconf 71' lang='grc' dir='ltr'><strong>δι)</strong></span> <span class='ocrx_word' id='word_1_379' title='bbox 1706 2613 1750 2648; x_wconf 64' lang='grc' dir='ltr'><strong>τᾷ</strong></span> <span class='ocrx_word' id='word_1_380' title='bbox 1762 2613 1814 2647; x_wconf 63' lang='grc' dir='ltr'><strong>ἴσᾳ</strong></span> <span class='ocrx_word' id='word_1_381' title='bbox 1826 2614 1917 2648; x_wconf 61' lang='grc' dir='ltr'><strong>χμῖη</strong></span> 
     </span>
     <span class='ocr_line' id='line_1_57' title="bbox 633 2653 1915 2692; baseline 0.002 -11"><span class='ocrx_word' id='word_1_382' title='bbox 633 2657 651 2688; x_wconf 78' lang='grc' dir='ltr'><strong><em>ἠ</em></strong></span> <span class='ocrx_word' id='word_1_383' title='bbox 663 2653 710 2689; x_wconf 73' lang='grc' dir='ltr'><strong>ἴση</strong></span> <span class='ocrx_word' id='word_1_384' title='bbox 722 2654 831 2688; x_wconf 68' lang='grc' dir='ltr'><strong>δύναμις</strong></span> <span class='ocrx_word' id='word_1_385' title='bbox 842 2656 859 2689; x_wconf 74' lang='lat' dir='ltr'><strong>r)</strong></span> <span class='ocrx_word' id='word_1_386' title='bbox 873 2653 960 2690; x_wconf 47' lang='lat'><strong>14⁹0&amp;</strong></span> <span class='ocrx_word' id='word_1_387' title='bbox 974 2658 997 2683; x_wconf 79' lang='grc' dir='ltr'><strong>Α</strong></span> <span class='ocrx_word' id='word_1_388' title='bbox 1009 2654 1043 2682; x_wconf 72' lang='grc' dir='ltr'><strong>τὸ</strong></span> <span class='ocrx_word' id='word_1_389' title='bbox 1061 2655 1143 2690; x_wconf 77' lang='grc' dir='ltr'>ἥμισυ</span> <span class='ocrx_word' id='word_1_390' title='bbox 1155 2656 1204 2683; x_wconf 77' lang='grc' dir='ltr'><strong>τοῦ</strong></span> <span class='ocrx_word' id='word_1_391' title='bbox 1216 2658 1238 2683; x_wconf 80' lang='lat' dir='ltr'>B</span> <span class='ocrx_word' id='word_1_392' title='bbox 1250 2655 1390 2683; x_wconf 66' lang='grc' dir='ltr'><strong><em>διηλοσίαύ</em></strong></span> <span class='ocrx_word' id='word_1_393' title='bbox 1408 2656 1456 2689; x_wconf 70' lang='grc' dir='ltr'><strong>τῆς</strong></span> <span class='ocrx_word' id='word_1_394' title='bbox 1474 2658 1494 2683; x_wconf 76' lang='lat'><strong>1⁸</strong></span> <span class='ocrx_word' id='word_1_395' title='bbox 1506 2656 1617 2691; x_wconf 72' lang='grc' dir='ltr'><strong>κινήσει,</strong></span> <span class='ocrx_word' id='word_1_396' title='bbox 1636 2655 1688 2689; x_wconf 71' lang='grc' dir='ltr'><strong>τὴν</strong></span> <span class='ocrx_word' id='word_1_397' title='bbox 1700 2655 1732 2684; x_wconf 69' lang='grc' dir='ltr'><strong>δδ</strong></span> <span class='ocrx_word' id='word_1_398' title='bbox 1751 2657 1787 2683; x_wconf 75' lang='grc' dir='ltr'><strong>τὸ</strong></span> <span class='ocrx_word' id='word_1_399' title='bbox 1799 2660 1820 2684; x_wconf 79' lang='lat'><strong>1&#39;</strong></span> <span class='ocrx_word' id='word_1_400' title='bbox 1833 2657 1865 2684; x_wconf 64' lang='lat' dir='ltr'><strong>lv</strong></span> <span class='ocrx_word' id='word_1_401' title='bbox 1876 2657 1915 2692; x_wconf 64' lang='grc' dir='ltr'><strong>τᾷ</strong></span> 
     </span>
     <span class='ocr_line' id='line_1_58' title="bbox 633 2697 1916 2737; baseline 0.003 -12"><span class='ocrx_word' id='word_1_402' title='bbox 633 2697 723 2732; x_wconf 66' lang='grc' dir='ltr'><strong><em>ἡμίσει</em></strong></span> <span class='ocrx_word' id='word_1_403' title='bbox 736 2698 785 2726; x_wconf 76' lang='grc' dir='ltr'><strong>τοῦ</strong></span> <span class='ocrx_word' id='word_1_404' title='bbox 799 2703 832 2725; x_wconf 85' lang='grc' dir='ltr'><strong>Δ·</strong></span> <span class='ocrx_word' id='word_1_405' title='bbox 846 2697 917 2726; x_wconf 73' lang='grc' dir='ltr'><strong>οὕτω</strong></span> <span class='ocrx_word' id='word_1_406' title='bbox 929 2698 985 2734; x_wconf 67' lang='grc' dir='ltr'><strong>γὰρ</strong></span> <span class='ocrx_word' id='word_1_407' title='bbox 996 2698 1133 2734; x_wconf 70' lang='grc' dir='ltr'><strong>ἀνάλογον</strong></span> <span class='ocrx_word' id='word_1_408' title='bbox 1146 2698 1232 2727; x_wconf 70' lang='grc' dir='ltr'>ἔσται.</span> <span class='ocrx_word' id='word_1_409' title='bbox 1271 2699 1415 2734; x_wconf 69' lang='lat' dir='ltr'><strong>frequent</strong></span> <span class='ocrx_word' id='word_1_410' title='bbox 1428 2699 1575 2727; x_wconf 72' lang='lat' dir='ltr'><strong>reference</strong></span> <span class='ocrx_word' id='word_1_411' title='bbox 1589 2700 1615 2727; x_wconf 76' lang='lat' dir='ltr'><strong>is</strong></span> <span class='ocrx_word' id='word_1_412' title='bbox 1626 2701 1713 2728; x_wconf 70' lang='lat' dir='ltr'><strong>mede</strong></span> <span class='ocrx_word' id='word_1_413' title='bbox 1728 2704 1761 2728; x_wconf 80' lang='lat' dir='ltr'><strong>to</strong></span> <span class='ocrx_word' id='word_1_414' title='bbox 1774 2701 1833 2729; x_wconf 67' lang='lat' dir='ltr'><strong>this</strong></span> <span class='ocrx_word' id='word_1_415' title='bbox 1850 2710 1916 2737; x_wconf 69' lang='lat' dir='ltr'><strong>pn-</strong></span> 
     </span>
     <span class='ocr_line' id='line_1_59' title="bbox 634 2741 1202 2776; baseline 0.007 -8"><span class='ocrx_word' id='word_1_416' title='bbox 634 2750 704 2776; x_wconf 71' lang='lat' dir='ltr'><strong>snge</strong></span> <span class='ocrx_word' id='word_1_417' title='bbox 717 2742 746 2768; x_wconf 88' lang='lat' dir='ltr'><strong>in</strong></span> <span class='ocrx_word' id='word_1_418' title='bbox 761 2741 826 2770; x_wconf 72' lang='lat' dir='ltr'><strong>Part</strong></span> <span class='ocrx_word' id='word_1_419' title='bbox 839 2742 862 2771; x_wconf 87' lang='lat'><strong>1.</strong></span> <span class='ocrx_word' id='word_1_420' title='bbox 875 2742 919 2771; x_wconf 84' lang='lat' dir='ltr'><strong>ch.</strong></span> <span class='ocrx_word' id='word_1_421' title='bbox 934 2752 952 2776; x_wconf 84' lang='lat'>4</span> <span class='ocrx_word' id='word_1_422' title='bbox 966 2743 999 2771; x_wconf 79' lang='lat' dir='ltr'><strong>os</strong></span> <span class='ocrx_word' id='word_1_423' title='bbox 1008 2743 1064 2771; x_wconf 79' lang='lat' dir='ltr'><strong>this</strong></span> <span class='ocrx_word' id='word_1_424' title='bbox 1076 2743 1202 2772; x_wconf 75' lang='lat' dir='ltr'><strong>trentise.</strong></span> 
     </span>
    </p>
   </div>
  </div>
 </body>
</html>
