2350 3580
783 696 912 730 PARS
937 696 1188 730 SECUNDA.-
1226 695 1327 729 CAP.
1355 695 1419 729 11.
1667 704 1737 738 m

462 791 727 833 coangustatur
739 787 775 822 in
793 786 1058 834 pyramidalem
1071 786 1236 833 figuram,
1244 786 1396 831 quando
1407 796 1543 831 corpus
1555 785 1736 820 illurnina-

463 851 545 882 tum
563 845 684 880 minus
698 850 756 880 est
771 844 1009 883 illuminante.
1019 850 1058 879 et
1070 843 1301 890 protenditur
1312 843 1349 878 iu
1365 841 1546 878 infinitum
1564 847 1737 878 contenta

462 902 568 938 lineis
583 902 920 948 aequidistantibus,
937 902 1088 948 quando
1109 900 1318 936 illuminans
1336 906 1375 936 et
1391 900 1634 935 illuminatum
1650 905 1738 935 sunt

463 960 641 1007 aequalia,
661 966 701 996 et
728 959 907 996 dilatatur
932 959 1053 996 solum
1078 960 1230 1005 quando
1256 958 1503 995 illuminatum
1531 964 1588 994 est
1617 956 1738 1002 majus

1044 1463 1112 1491 Fxo.
1127 1462 1173 1491 88.

662 1724 742 1742 .....
838 1643 1011 1816 Φ

1045 1905 1115 1934 1⁷10.
1127 1904 1172 1942 89.

1047 2252 1174 2291 Flo.‘9o.

472 2349 709 2391 illuminante,
731 2349 826 2385 sicut
854 2354 957 2396 patet
986 2349 1022 2384 in
1052 2348 1179 2396 figura.
1230 2348 1405 2386 Similiter
1429 2361 1496 2386 nec
1523 2357 1646 2398 potest
1672 2350 1749 2387 fieri

471 2419 494 2443 a
526 2407 674 2446 duobus
706 2407 873 2453 partibus
904 2413 1062 2447 tantum,
1091 2407 1267 2453 quoniam
1299 2408 1330 2443 si
1363 2408 1651 2454 aequidistanter
1684 2408 1749 2444 fiat

473 2464 743 2512 multiplicatio,
770 2471 859 2501 tunc
889 2464 1028 2512 species
1056 2465 1147 2501 lucis
1177 2477 1240 2501 seu
1275 2465 1424 2501 alterius
1452 2471 1490 2502 et
1524 2466 1652 2502 umbra
1686 2478 1751 2513 per

472 2533 701 2570 consequens
747 2522 916 2559 similiter
956 2522 1229 2559 continerentur
1270 2535 1415 2570 semper
1455 2523 1600 2559 duabus
1647 2524 1751 2560 lineis

473 2580 812 2626 aequidistantibus,
822 2585 861 2616 et
878 2590 997 2626 neque
1013 2586 1340 2627 augmentarentur
1356 2592 1477 2626 neque
1494 2582 1751 2625 minuerentur.

473 2638 538 2674 sed
563 2639 869 2684 protenderentur
892 2628 1144 2673 in'infinitum.
1194 2637 1234 2675 Si
1255 2649 1343 2674 vero
1368 2650 1441 2674 non
1465 2639 1752 2685 aequidistanter

474 2694 540 2731 fiat
557 2695 813 2741 multiplicatio
829 2706 851 2730 a
867 2695 1013 2731 duabus
1030 2695 1205 2741 partibus,
1224 2703 1312 2732 tunc
1332 2707 1416 2731 cum
1433 2703 1562 2736 natura
1579 2703 1752 2744 operatur

474 2763 619 2799 semper
634 2763 711 2788 uno
734 2753 856 2796 modo,
872 2759 1021 2799 oportet
1037 2753 1137 2798 quod
1161 2752 1227 2789 fiat
1244 2753 1366 2789 lumen
1389 2765 1532 2800 semper
1547 2754 1751 2798 dilatando,

475 2816 514 2846 et
540 2810 578 2845 in
607 2810 775 2848 umbram
803 2821 948 2857 semper
974 2810 1189 2847 dilataretur
1217 2811 1253 2846 in
1282 2811 1485 2848 infinitum:
1520 2811 1578 2847 vel
1607 2823 1753 2858 semper

475 2867 740 2911 contrahendo,
749 2872 786 2903 et
799 2874 887 2903 tunc
901 2868 1030 2904 umbra
1047 2879 1191 2915 semper
1202 2869 1476 2905 contraheretur
1488 2874 1526 2905 et
1541 2875 1752 2905 arctaretur.

477 2925 530 2961 Et
554 2925 644 2962 haec
662 2931 791 2972 patent
807 2934 860 2961 ex
882 2926 1065 2972 positione
1089 2924 1288 2972 figurarum
1313 2927 1582 2972 praesentium5
1606 2932 1645 2962 et
1669 2926 1753 2963 ideo
