2350 3580
859 669 989 702 PARS
1013 669 1194 701 PRJHA:
1231 669 1331 702 CAP.
1363 668 1421 702 VI.
1716 676 1786 712 455

555 757 609 794 Et
637 758 770 794 eodem
799 759 915 795 modo
945 765 1003 795 αἱ
1035 759 1084 794 de
1115 759 1197 795 aliis
1229 759 1338 794 rebus
1370 759 1500 795 mixtis
1530 758 1702 795 omnihus
1733 759 1926 795 adl-'omn

506 815 687 861 patientia
714 814 843 851 viliora
868 827 1015 862 semper
1045 817 1279 862 comparatis,
1302 816 1404 862 quod
1434 828 1485 851 ex
1517 815 1599 862 lege
1630 820 1784 851 natiuae
1796 803 1967 867 3⁸52

507 872 717 908 universalis
733 874 955 909 intendentis
971 874 1109 909 bonum
1125 884 1323 910 commune
1337 873 1464 910 ablata
1481 879 1540 909 st
1558 873 1724 919 potentia
1743 879 1782 908 et
1796 876 1949 905 thudin

506 936 611 966 aetus
633 930 801 966 similiter
824 931 1033 977 complendi
1058 932 1199 977 species
1225 931 1263 967 in
1285 930 1441 968 effeetus
1462 930 1680 977 completos,
1697 930 1782 966 lieet
1795 912 1955 984 {3:3⁵

506 999 557 1023 ex
580 994 711 1023 natura
734 989 944 1034 particulari
968 990 1017 1024 sit
1041 990 1091 1024 ibi
1114 989 1309 1034 aptitudo;
1342 994 1492 1035 propter
1515 989 1617 1034 quod
1640 995 1782 1024 arctata
1796 991 1929 1049 *ᾖε

506 1051 564 1080 est
599 1047 792 1091 generatio
829 1046 980 1082 effectus
1017 1047 1192 1093 completi
1232 1047 1269 1082 in
1305 1047 1540 1093 paucissimis,
1570 1045 1708 1082 scilicet
1743 1047 1782 1081 in
1795 1029 1863 1049 ‘'-
1930 1029 1967 1049 η’

505 1102 707 1144 elementis,
723 1110 762 1139 et
779 1105 976 1150 praecipue
992 1104 1029 1139 in
1046 1104 1143 1152 igne.
1194 1105 1273 1139 Nec
1297 1105 1431 1140 accidit
1454 1104 1713 1139 inconveniens
1735 1104 1782 1139 de

505 1160 586 1203 hoc,
609 1161 697 1206 quia
719 1161 816 1207 ignis
837 1162 903 1208 qui
928 1167 986 1197 est
1011 1162 1048 1197 in
1073 1162 1154 1197 aliis
1183 1162 1344 1198 nobilior
1369 1162 1405 1197 in
1431 1172 1497 1197 sua
1525 1161 1682 1207 sphaera
1707 1172 1781 1197 non

506 1217 593 1254 facit
608 1219 769 1264 speciem
790 1219 861 1254 nisi
878 1220 915 1254 in
931 1219 1004 1255 alia
1020 1230 1174 1266 corpora
1198 1219 1338 1261 mundi,
1353 1231 1399 1255 eo
1420 1219 1521 1265 quod
1539 1218 1642 1255 locus
1661 1218 1782 1255 salvat

505 1274 678 1310 locatum.
712 1275 763 1311 Et
779 1282 836 1311 est
851 1277 971 1312 simile
986 1276 1035 1311 de
1051 1288 1098 1312 eo
1114 1283 1280 1323 respectu
1293 1277 1462 1317 aliorum,
1474 1278 1568 1312 sicut
1580 1277 1628 1313 de
1640 1275 1780 1311 eoeles—

505 1332 605 1368 tibus
639 1338 807 1379 respectu
840 1333 1063 1369 inferiorum.
1123 1333 1232 1370 Alius
1262 1340 1389 1369 autem
1422 1333 1517 1380 ignis
1549 1333 1608 1369 hic
1627 1333 1781 1370 inferius

503 1395 700 1436 generatus
731 1401 806 1426 non
836 1396 1033 1438 generatur
1056 1392 1124 1427 nisi
1146 1392 1392 1427 determinata
1416 1391 1626 1437 quantitate
1650 1402 1781 1427 secun-

503 1444 595 1480 dum
626 1456 734 1480 usum
765 1445 966 1489 hominum,
998 1453 1037 1482 et
1066 1446 1276 1492 reprimitur
1307 1446 1387 1492 ejus
1417 1446 1517 1481 actio
1548 1451 1588 1481 et
1619 1453 1780 1490 oevetur,

504 1501 573 1537 nisi
596 1503 745 1547 quando
768 1514 819 1538 ex
841 1503 998 1539 stultitia
1020 1503 1181 1539 humana
1202 1498 1421 1550 multiplicat
1441 1514 1482 1539 se
1506 1501 1601 1538 ultra
1626 1503 1778 1539 modum

503 1557 540 1594 in
564 1565 826 1595 nocumentum
849 1571 969 1596 rerum
992 1561 1157 1596 aliarum.

554 1616 606 1652 Et
620 1617 751 1653 adem
768 1619 863 1654 ratio
879 1624 935 1653 est
951 1619 1000 1654 de
1014 1619 1178 1664 sphaeris
1198 1617 1354 1654 aliorum
1377 1617 1641 1653 elementorum
1661 1630 1777 1664 quan·

502 1679 584 1709 tum
599 1675 648 1710 ad
664 1676 862 1721 puritatem
882 1682 1094 1712 naturarum
1116 1687 1276 1712 suamm-
1308 1676 1363 1713 Ut
1378 1676 1565 1712 continent
1581 1687 1621 1711 se
1637 1682 1778 1719 mutuo,

503 1731 661 1767 nobilius
684 1743 758 1768 non
781 1733 986 1780 corrumpit
1009 1733 1127 1776 vilius,
1140 1735 1207 1770 sed
1231 1745 1297 1780 per
1320 1745 1425 1769 suam
1449 1733 1622 1769 virtutem
1646 1732 1777 1777 salvat,

501 1788 598 1824 sicut
614 1788 716 1825 locus
730 1790 852 1825 salvat
867 1790 1042 1833 locatum,
1055 1797 1096 1827 ut
1112 1791 1298 1827 Averroen
1313 1791 1530 1827 determinat
1549 1791 1713 1827 secundo
1730 1791 1778 1826 de

503 1845 666 1892 Anima3
695 1848 865 1894 quamvis
886 1859 936 1884 ex
961 1849 1032 1885 hoc
1055 1848 1154 1895 quod
1182 1849 1380 1884 miscentur
1404 1849 1453 1884 ad
1481 1848 1648 1890 invicem.
1672 1855 1711 1884 et
1740 1849 1776 1884 in

501 1909 681 1949 quantum
699 1917 765 1951 per
779 1906 933 1955 virtutes
948 1906 1135 1941 coelorum
1152 1906 1364 1949 alterantur,
1374 1906 1596 1942 contrahunt
1606 1911 1774 1942 natur-arn

501 1961 659 1997 activam
677 1968 716 1998 et
734 1964 977 2010 corruptivam
1004 1970 1146 2005 mutuo,
1163 1970 1202 1999 et
1227 1970 1380 2010 possunt
1404 1964 1456 2000 sic
1481 1963 1600 1999 facere
1622 1963 1776 2000 effectus

500 2019 730 2065 completos3
763 2027 805 2056 ut
835 2022 975 2056 dictum
1010 2028 1079 2064 est,
1112 2021 1211 2067 quod
1244 2032 1341 2066 aqua
1373 2022 1553 2057 convertit
1576 2020 1776 2067 aliquando

500 2087 624 2111 aerem
657 2077 695 2113 in
728 2089 778 2121 se,
809 2083 847 2113 et
880 2089 902 2113 e
933 2079 1127 2115 contrario.
1178 2078 1230 2114 Et
1262 2078 1473 2123 hujusmodi
1506 2078 1773 2115 elementorum

499 2136 760 2171 transmutatio
785 2136 948 2171 maxime
971 2136 1103 2172 accidit
1128 2136 1165 2172 in
1191 2135 1394 2179 elementis,
1411 2135 1550 2171 scilicet
1573 2142 1615 2171 ut
1635 2142 1719 2172 sunt
1737 2137 1775 2172 in

501 2191 630 2235 mixto,
645 2198 711 2228 aut
726 2193 763 2227 in
779 2192 938 2229 confinio
948 2193 1185 2238 sphaerarum
1197 2205 1345 2229 suarum
1359 2205 1368 2236 ;
1392 2194 1455 2229 ubi
1468 2193 1580 2230 etiam
1593 2194 1773 2239 quodam-

501 2249 615 2285 modo
634 2249 834 2287 miscentur
852 2256 892 2286 et
915 2250 1187 2286 confunduntur
1210 2257 1360 2286 naturae
1384 2261 1510 2286 eorum
1535 2251 1583 2286 ad
1610 2251 1774 2295 invicem,

499 2306 595 2349 sicut
622 2312 727 2353 patet
751 2318 801 2342 ex
828 2307 922 2343 libro
953 2308 1329 2354 Meteorologicorum
1362 2315 1400 2343 et
1433 2308 1482 2343 de
1514 2307 1772 2344 Generatione.

500 2361 679 2400 Similiter
710 2365 821 2401 etiarn
855 2365 1057 2401 alterantur
1092 2366 1141 2401 ad
1173 2366 1329 2401 invicem
1366 2366 1404 2401 in
1434 2365 1672 2411 simplicitate
1705 2377 1772 2402 sua

499 2426 650 2468 propter
691 2422 800 2458 mixti
846 2423 1086 2459 necessariam
1132 2423 1432 2470 generationem;
1480 2433 1635 2469 quorum
1684 2430 1771 2459 tunc

498 2478 669 2515 alteratio
701 2480 821 2525 magis
856 2485 914 2515 est
945 2492 1013 2527 per
1042 2481 1218 2517 virtutem
1257 2479 1360 2522 coeli,
1403 2491 1516 2526 quarn
1559 2492 1626 2527 per
1657 2491 1771 2517 unum

498 2537 721 2573 elementum
739 2538 776 2573 in
793 2549 860 2573 sua
881 2538 1036 2585 sphaera
1052 2544 1301 2574 transmutans
1318 2537 1419 2573 illud.

549 2594 601 2630 Et
631 2605 714 2631 cum
748 2595 888 2631 dictum
922 2601 981 2631 est
1011 2607 1107 2642 quae
1138 2595 1366 2632 substantiae
1401 2600 1556 2641 possunt
1585 2594 1771 2640 complere
1784 2599 1933 2643 'ste-eom-

497 2653 650 2699 species,
659 2658 699 2688 et
714 2664 810 2698 quae
825 2664 907 2697 non,
920 2654 1107 2690 sciendum
1124 2660 1182 2690 est
1198 2653 1236 2689 in
1253 2653 1511 2689 accidentibus.
1563 2652 1614 2688 Et
1630 2658 1771 2688 certum
1784 2635 1890 2708 {²222
1900 2636 1938 2709 ἕξ

497 2715 555 2745 est
578 2711 679 2756 quod
711 2717 871 2757 quatuor
899 2711 1098 2757 qualitates
1132 2710 1338 2757 tangffiiloe,
1362 2710 1501 2746 scilicet
1533 2709 1702 2746 caliditas
1733 2714 1772 2745 et
1785 2709 1937 2772 {Mb-0⁶·

497 2766 687 2815 frigiditas,
711 2768 857 2804 siccitas
889 2774 927 2804 et
959 2768 1169 2812 humiditas,
1205 2773 1358 2815 possunt
1387 2778 1471 2803 suas
1503 2767 1643 2813 species
1669 2778 1769 2802 com·
1785 2749 1924 2809 52⁰⁸&

497 2825 598 2872 plere
615 2826 653 2861 in
676 2825 901 2871 patientibus
917 2826 1111 2872 aliquibus,
1127 2832 1166 2862 et
1183 2826 1346 2861 maxime
1362 2824 1538 2868 caliditas,
1548 2824 1635 2871 quia
1651 2825 1769 2870 magis
1784 2817 1817 2845 οἵ
1825 2818 1873 2845 ²¹²²
1884 2817 1946 2845 ‘⁰¹¹¹'

472 2887 553 2920 ent
585 2882 721 2920 nobilis
751 2887 790 2920 et
831 2883 949 2931 magis
979 2884 1110 2927 activa,
1145 2888 1183 2919 et
1217 2883 1334 2930 magis
1374 2882 1514 2918 mundo
1555 2882 1767 2917 necessaria.
1781 2852 1957 2962 ΞιΙΞΞΞΜ

501 2982 695 3010 mmo-u
