2350 3580
593 499 637 533 16
841 499 1015 534 OPERIS
1039 498 1249 539 MAJORIS
1273 496 1403 532 PARS
1428 495 1620 539 QUINTA.

591 610 714 641 uveae,
731 602 769 635 et
788 602 845 635 est
863 598 960 638 sicut
977 609 1089 634 cornu
1114 597 1265 640 clarum,
1283 602 1321 633 et
1343 598 1429 635 ideo
1447 604 1600 635 vocatur
1621 604 1764 635 cornea.
1814 597 1867 633 Et

589 655 833 703 componitur,
857 661 898 692 ut
928 655 1119 692 Avicenna
1147 655 1238 692 dicit
1266 655 1359 692 libro
1388 661 1603 698 memorato,
1628 666 1678 692 ex
1706 660 1868 702 quatuor

590 714 724 751 tunicis
757 712 953 750 subtilibus
985 713 1229 757 corticalibus,
1253 719 1292 750 et
1323 719 1410 750 sunt
1443 713 1539 750 sicut
1568 714 1734 762 cortices,
1758 718 1810 756 ut,
1834 712 1866 748 si

589 773 835 809 excorticetur
852 783 945 808 unus
968 783 1106 813 eorum.
1124 783 1197 808 non
1219 777 1370 819 propter
1384 772 1455 808 hoc
1477 771 1672 808 laedantur
1692 771 1766 808 alii.
1788 781 1793 785 ·
1816 770 1869 807 Et

589 828 728 866 factum
748 830 809 866 'est
835 829 897 872 ita,
916 835 958 866 ut
981 828 1030 865 sit
1054 828 1145 865 haec
1159 830 1295 865 ‘tunica
1321 830 1424 866 sortis
1451 835 1600 877 propter
1624 829 1813 865 laesi0nes'
1829 834 1868 865 et

590 886 846 933 impressiones
870 887 1070 933 exteriores
1097 887 1145 923 ab
1173 898 1259 923 aere
1282 887 1479 930 venientes,
1502 892 1540 922 et
1569 892 1648 923 tum
1682 892 1735 923 est
1759 886 1868 922 valde

591 943 787 990 diaphana,
800 949 842 980 ut
858 943 1059 980 multitudo
1072 944 1277 981 tunicarum
1295 944 1375 991 ejus
1391 955 1465 980 non
1482 944 1656 992 impediat
1671 944 1867 980 transitum

589 998 799 1048 specierum
822 1013 941 1038 rerum
967 1001 1174 1043 visibilium,
1223 1001 1352 1038 Tertia
1378 1002 1502 1039 tunica
1529 1002 1626 1038 oculi
1657 1001 1701 1045 fit,
1728 1013 1778 1038 ex
1807 1000 1869 1038 illa

591 1058 762 1106 pellicula
784 1059 884 1095 nervi
900 1059 1018 1101 tertia,
1035 1056 1132 1106 quae
1148 1059 1247 1096 venit
1268 1071 1292 1095 a
1314 1059 1529 1095 membrana
1549 1068 1715 1103 corneae,
1730 1064 1769 1095 et
1789 1058 1870 1104 ejus

593 1127 679 1162 pars
698 1116 815 1163 prima
837 1115 1073 1163 conjungitur
1090 1116 1162 1153 ossi
1184 1116 1290 1159 oculi,
1307 1122 1345 1153 et
1366 1117 1462 1153 adeo
1483 1122 1539 1153 est
1561 1116 1663 1160 dura,
1679 1121 1718 1152 et
1739 1115 1869 1157 solida,

594 1178 633 1209 et
655 1173 739 1209 ideo
764 1173 897 1209 dicitur
919 1173 1119 1221 sclerotica,
1138 1173 1277 1220 reliqua
1299 1184 1386 1210 vero
1409 1184 1494 1220 pars
1517 1174 1734 1210 extenditur
1756 1177 1871 1219 usque

595 1230 643 1266 ad
660 1241 843 1266 cornoem.
891 1230 990 1268 Nam
1013 1242 1087 1267 non
1109 1230 1318 1278 completur
1338 1231 1430 1268 haec
1451 1232 1585 1274 tunica,
1601 1231 1666 1267 sed
1689 1230 1814 1267 deficit
1834 1230 1871 1266 ei

595 1288 716 1334 portio
746 1288 934 1335 sphaerae,
958 1293 997 1324 et
1029 1294 1087 1324 est
1119 1288 1259 1334 repleta
1290 1299 1400 1337 carne
1431 1288 1556 1336 pingui
1585 1294 1623 1325 et
1655 1288 1751 1331 alba,
1776 1287 1873 1324 sicut

594 1344 764 1381 videmus
787 1345 950 1382 exterius
973 1345 1009 1381 in
1034 1344 1159 1390 oeulis,
1176 1350 1214 1382 et
1234 1351 1387 1388 vocatur
1408 1339 1670 1383 consolidativa
1690 1356 1759 1392 *seu
1784 1356 1872 1381 oon·

592 1401 767 1449 junctiva.
828 1402 1142 1440 Considerandum
1171 1414 1258 1439 vero
1291 1403 1494 1451 diligenter,
1521 1404 1624 1450 quod
1653 1414 1727 1439 uno
1759 1404 1873 1439 modo

594 1460 766 1502 dicuntur
796 1466 871 1511 tres
903 1460 1048 1497 tunioee
1080 1466 1235 1504 tantum,
1261 1460 1335 1497 alio
1368 1462 1483 1498 modo
1513 1472 1604 1497 sex:
1645 1465 1684 1496 et
1716 1466 1873 1507 utraque

594 1517 837 1576 consideratio
852 1528 938 1554 vera
960 1524 1017 1554 est
1039 1523 1078 1554 et
1097 1518 1334 1555 rationabilis.
1384 1519 1484 1555 Nam
1505 1518 1536 1555 si
1552 1518 1714 1565 integras
1729 1519 1874 1555 tunioes

595 1575 876 1620 consideremus,
891 1581 978 1612 sunt
994 1581 1142 1612 tantum
1158 1581 1243 1612 tres.
1293 1575 1334 1612 Si
1351 1588 1439 1612 vero
1460 1576 1732 1612 consideremus
1751 1581 1874 1623 partes

595 1633 817 1681 posteriores
844 1634 1035 1670 distinctas
1062 1645 1086 1670 a
1115 1634 1297 1681 prioribus
1324 1639 1364 1670 et
1392 1633 1539 1670 nornine
1567 1638 1607 1670 et
1635 1645 1684 1676 re,
1707 1634 1759 1670 sic
1787 1639 1875 1670 sunt

595 1702 675 1727 sex.
724 1690 823 1727 Nam
843 1697 918 1727 tres
940 1697 1063 1738 partes
1087 1696 1172 1727 sunt
1194 1702 1217 1727 a
1239 1691 1442 1739 posteriori,
1457 1697 1497 1727 et
1519 1697 1594 1728 tres
1618 1691 1675 1744 ab·
1691 1691 1874 1728 anteriori.

598 1748 725 1796 Aliqui
761 1749 872 1785 etiam
909 1748 1104 1786 voluerunt
1143 1760 1224 1797 esse
1264 1750 1465 1797 pauciores,
1496 1756 1535 1787 et
1572 1749 1643 1786 hoc
1685 1740 1876 1797 multiplici

597 1807 908 1852 consideratione;
940 1807 1005 1842 sed
1031 1807 1079 1851 d,e
1103 1806 1162 1843 his
1186 1817 1260 1843 non
1285 1812 1343 1843 est
1366 1803 1580 1848 curandum,
1604 1807 1694 1854 quia
1717 1806 1876 1844 violenta

597 1869 654 1900 est
670 1875 798 1899 eorum
816 1864 1078 1911 interpretatio,
1089 1871 1127 1900 et
1143 1865 1268 1900 deviat
1284 1876 1307 1900 a
1322 1870 1421 1901 recta
1437 1865 1586 1901 ratione.
1620 1864 1747 1911 Aliqui
1762 1865 1875 1900 etiam

597 1926 739 1968 septem
754 1919 767 1942 ¹
784 1921 927 1958 tunicas
942 1927 1166 1969 posuerunt;
1183 1922 1249 1958 sed
1261 1922 1396 1959 salsum
1407 1928 1474 1965 est,
1486 1922 1573 1968 quia
1588 1922 1703 1958 telam
1719 1928 1877 1958 araneae

599 1990 667 2027 pro
683 1979 806 2015 tunica
821 1984 1138 2026 computaverunt,
1155 1991 1239 2017 cum
1256 1990 1332 2015 non
1354 1979 1424 2016 sit:
1449 1985 1487 2016 et
1503 1979 1564 2022 illi,
1581 1980 1643 2026 qui
1660 1980 1785 2016 dicunt
1802 1984 1878 2015 tres

597 2048 687 2080 esse,
697 2042 814 2073 totam
832 2036 985 2084 primam
1002 2038 1165 2078 tunicam
1182 2042 1316 2074 vocant
1333 2048 1472 2081 uveam,
1484 2043 1524 2073 et
1541 2043 1660 2073 totam
1677 2038 1877 2073 secundam

597 2100 732 2131 vocant
744 2100 924 2138 corneam,
938 2099 975 2130 et
984 2100 1107 2131 totam
1119 2095 1265 2131 tertiam
1278 2100 1412 2131 vocant
1424 2094 1736 2131 consolidativam.
1766 2094 1878 2132 Unde

598 2158 767 2189 auctores
783 2152 1032 2199 perspectivae
1048 2157 1166 2188 totam
1183 2152 1338 2200 primam
1356 2157 1489 2189 vocant
1506 2164 1648 2196 uveam,
1664 2158 1703 2189 et
1724 2152 1775 2190 sic
1791 2152 1879 2189 volo

598 2209 844 2257 principaliter
861 2210 913 2246 uti
930 2210 967 2245 in
985 2210 1098 2246 modo
1114 2210 1262 2246 videndi
1277 2210 1507 2256 exequendo.
1545 2210 1596 2246 Et
1611 2210 1695 2246 ideo
1707 2202 1880 2252 Alhaz'en

597 2267 686 2304 dicit
708 2269 809 2314 qu'od
828 2278 920 2303 uvea
937 2267 1071 2304 habeat
1092 2268 1168 2304 duo
1190 2267 1378 2312 foramina,
1395 2279 1509 2304 unum
1531 2268 1701 2311 anterius,
1717 2273 1755 2304 et
1777 2267 1875 2304 aliud

598 2325 779 2372 posterius
811 2325 913 2372 quod
945 2330 1002 2361 est
1034 2325 1198 2362 foramen
1234 2325 1344 2367 nervi,
1376 2338 1399 2362 a
1431 2336 1507 2372 quo
1539 2325 1665 2371 incipit
1697 2325 1878 2372 expansio

598 2383 838 2420 concavitatis
863 2394 988 2425 uveae,
1013 2384 1112 2419 unde
1136 2382 1351 2420 extremitas
1374 2383 1473 2419 nervi
1496 2394 1582 2420 cum
1607 2388 1688 2420 tota
1711 2383 1879 2419 conoevi-

599 2445 679 2477 tate
702 2446 878 2487 sequente
899 2451 1016 2487 usque
1038 2441 1087 2476 ad
1108 2440 1273 2477 foramen
1294 2441 1458 2477 anterius
1481 2445 1538 2477 est
1561 2451 1654 2476 uvea
1674 2440 1878 2477 secundum
1897 2442 1899 2444 ’

599 2498 802 2535 veritatem.

999 2582 1009 2600 ¹
1028 2582 1236 2611 Constantinus
1248 2582 1318 2611 took
1330 2582 1387 2611 thi-
1398 2582 1481 2611 view.
