2350 3580
449 1039 545 1068 Third.

448 1506 562 1534 Fourth.

444 2135 529 2163 firm.

637 480 707 526 548
747 477 750 479 ’
927 481 1302 516 MULYIPLICATIO
1328 481 1612 516 SPECJERUM.

637 577 674 607 et
707 571 792 607 ideo
825 582 898 607 non
924 576 1206 619 corrumpuntur
1232 571 1268 607 in
1297 583 1392 616 eam,
1419 577 1457 608 et
1486 577 1641 619 propter
1670 572 1748 609 hoc
1776 574 1919 608 omnino

637 629 813 665 deficiunt
829 630 864 665 in
881 641 921 665 se
937 635 975 665 et
997 630 1033 665 in
1054 629 1153 665 nihil.
1204 629 1303 665 Nam
1327 630 1374 666 de
1398 630 1573 666 creaturis
1597 629 1689 666 fixis
1712 635 1757 666 et
1782 641 1918 678 perma-

638 687 810 723 nentibus
826 686 1032 723 verificatur
1047 687 1149 733 quod
1166 699 1240 723 non
1258 689 1393 723 cedunt
1410 687 1447 723 in
1465 686 1556 723 nihil
1571 693 1610 724 et
1629 699 1713 724 esse
1732 688 1774 723 in
1795 699 1919 735 purum

638 743 750 787 nihil;
774 745 838 780 sed
857 755 932 779 non
948 745 995 780 de
1011 745 1235 781 successivis.
1286 744 1362 781 Sed
1385 743 1528 781 infinita
1549 745 1732 782 distantia
1750 751 1811 782 est
1832 747 1919 782 inter

638 812 770 847 purum
803 801 891 837 nihil
923 806 962 837 et
994 813 1085 846 esse,
1111 813 1222 848 quam
1250 801 1352 838 finita
1378 802 1545 849 potentia
1573 813 1652 838 non
1683 807 1817 849 potest
1844 815 1917 850 per·

637 858 798 902 transire,
814 864 853 894 et
869 859 952 895 ideo
968 857 1108 894 nullum
1129 871 1243 906 agens
1262 865 1425 896 creatum
1450 865 1577 905 potest
1599 871 1712 896 suam
1737 860 1917 896 actionem

638 916 674 952 in
693 916 790 952 idem
810 928 963 953 numero
980 928 1154 953 renovare
1170 923 1257 963 post
1273 917 1554 963 corruptionem,
1571 917 1663 963 quia
1680 928 1798 954 ornne
1813 929 1918 964 agens

637 979 802 1010 creatum
817 980 874 1009 est
891 974 1078 1020 potentiae
1095 974 1229 1010 finitae.

689 1030 728 1068 Si
756 1031 952 1077 objiciatur
976 1033 1077 1078 quod
1104 1037 1191 1068 tunc
1221 1032 1256 1068 in
1281 1032 1333 1067 eis
1357 1043 1452 1078 quae
1477 1032 1524 1067 de
1548 1032 1723 1078 potentia
1748 1033 1919 1069 materiae

636 1094 866 1135 generantur,
876 1099 959 1124 cum
975 1089 1106 1125 eadem
1121 1089 1170 1124 sit
1188 1089 1350 1134 potentia
1362 1089 1533 1125 materiae
1549 1095 1588 1125 et
1603 1089 1739 1125 eadem
1755 1091 1919 1136 potentia

635 1146 791 1193 agentis,
813 1157 903 1192 ergo
927 1146 1024 1182 idern
1046 1145 1109 1183 fiet
1127 1145 1289 1189 effectus,
1306 1147 1404 1193 quod
1431 1158 1452 1182 e
1476 1157 1678 1186 converso;
1706 1153 1745 1182 et
1772 1153 1863 1183 tunc
1885 1148 1919 1181 in

635 1204 767 1240 eodem
782 1215 867 1240 aere
883 1205 980 1240 idem
997 1215 1121 1250 agens,
1138 1211 1180 1240 ut
1196 1205 1263 1248 soi,
1281 1205 1318 1240 in
1335 1204 1487 1251 singulis
1507 1204 1639 1240 diebus
1656 1204 1919 1247 artificialibus,

634 1261 719 1298 iicet
736 1273 812 1297 nox
830 1262 1089 1309 intercipiatur,
1107 1262 1214 1298 saciet
1231 1263 1386 1298 eandem
1404 1261 1502 1297 diem
1520 1273 1690 1305 numero,
1702 1274 1804 1309 quae
1820 1263 1915 1308 prius

634 1317 704 1355 fuit
728 1325 913 1366 corrupta,
938 1330 1022 1355 curn
1051 1319 1130 1364 ejus
1157 1319 1345 1366 generatio
1371 1319 1417 1354 sit
1446 1319 1494 1354 de
1521 1319 1690 1365 potentia
1718 1320 1918 1363 materiae;

633 1376 829 1412 dicendum
847 1383 903 1412 est
920 1378 1020 1422 quod
1038 1376 1108 1412 hoc
1124 1388 1197 1412 non
1214 1377 1416 1422 requiritur,
1431 1376 1518 1422 quia
1541 1376 1590 1412 ad
1614 1375 1797 1412 effectum
1824 1378 1918 1413 hunc

634 1445 707 1469 non
748 1435 969 1481 pervenitur,
1006 1434 1073 1470 nisi
1112 1446 1178 1481 per
1209 1434 1392 1470 actionem
1423 1434 1577 1480 agentis,
1613 1444 1731 1482 quam
1768 1441 1915 1481 oportet

635 1493 810 1534 renovari,
836 1498 877 1528 ut
901 1493 1040 1528 dictum
1065 1498 1132 1535 est,
1154 1497 1192 1527 et
1216 1492 1300 1528 ideo
1324 1491 1475 1528 effectus
1501 1498 1712 1527 renovatur.
1763 1491 1808 1528 Si
1834 1504 1917 1528 vero

633 1550 826 1596 objicIatur
848 1550 959 1596 quod,
979 1550 1013 1585 ‘si
1036 1549 1174 1596 species
1203 1555 1299 1585 esset
1325 1549 1554 1585 immediatus
1581 1548 1739 1586 effectus
1766 1552 1918 1597 agentis,

632 1613 720 1643 tunc
746 1612 870 1654 posset
896 1607 1013 1643 facere
1040 1607 1195 1643 eandem
1222 1607 1380 1655 speciem
1414 1619 1563 1642 numero
1589 1608 1797 1643 secundum
1826 1608 1916 1643 hanc

632 1666 819 1707 rationem,
836 1666 922 1712 quia
937 1666 1068 1702 eadem
1087 1671 1143 1701 est
1161 1665 1325 1711 potentia
1344 1666 1514 1701 materiae
1531 1670 1568 1700 et
1589 1666 1722 1701 eadem
1749 1666 1916 1712 potentia

632 1724 773 1769 agentis
784 1736 793 1764 ;
819 1723 981 1759 similiter
997 1724 1109 1759 etiam
1127 1735 1200 1758 non
1221 1723 1407 1769 dependet
1424 1723 1473 1758 ab
1496 1722 1618 1768 aliquo
1635 1723 1740 1768 quod
1767 1725 1915 1759 caderet

632 1781 668 1816 in
686 1792 815 1827 purum
831 1781 926 1824 nihil,
939 1787 976 1816 et
993 1781 1028 1816 in
1047 1780 1213 1827 potentia
1230 1779 1333 1816 finita
1352 1786 1475 1826 posset
1493 1780 1609 1815 facere
1624 1780 1724 1815 idem
1740 1792 1914 1817 numero:

632 1838 828 1875 dicendum
856 1845 922 1880 est,
946 1839 1045 1884 quod
1071 1837 1294 1884 impossibile
1318 1844 1374 1873 est
1399 1838 1498 1884 quod
1524 1837 1662 1883 species
1688 1839 1738 1874 sit
1763 1839 1917 1875 effectus

632 1897 863 1931 immediatus
904 1897 1047 1943 agentis
1088 1896 1210 1937 creati,
1244 1907 1309 1931 nec
1351 1895 1486 1940 aliquid
1527 1896 1628 1940 quod
1662 1897 1712 1931 de
1747 1898 1916 1942 potentia

631 1954 805 1989 materiae
835 1954 1009 1998 educitur,
1034 1954 1120 1999 quia
1144 1959 1290 2000 oportet
1314 1953 1448 1999 aliquid
1472 1954 1717 1988 successivum
1747 1954 1915 2000 intercipi

628 2012 728 2058 quod
746 2012 793 2047 de
809 2012 911 2047 nullo
927 2011 979 2054 fit,
999 2023 1065 2047 nec
1083 2012 1119 2046 in
1137 2011 1273 2056 aliquid
1292 2012 1542 2057 corrumpitur,
1559 2016 1596 2045 et
1616 2011 1701 2046 ideo
1722 2013 1913 2057 dependet

630 2069 774 2104 iteratio
786 2069 943 2117 ‘effectus
960 2069 1008 2104 ab
1027 2069 1217 2105 iteratione
1234 2069 1387 2104 actionis
1405 2075 1442 2104 et
1462 2080 1535 2104 non
1562 2074 1686 2115 potest
1713 2080 1794 2104 esse
1821 2081 1914 2104 unus

630 2138 792 2169 numero,
818 2127 910 2163 sicut
945 2138 1011 2162 nec
1044 2132 1157 2162 actus.
1208 2125 1249 2161 Si
1278 2125 1430 2169 dicatur,
1457 2126 1556 2171 quod
1591 2133 1678 2161 tunc
1717 2127 1914 2171 productio

629 2185 782 2221 actionis
803 2189 840 2219 et
864 2184 1074 2231 hujusmodi
1096 2183 1382 2219 successivorum
1403 2183 1470 2219 erit
1491 2184 1637 2225 creatio,
1654 2189 1693 2218 et
1721 2184 1774 2219 ita
1799 2195 1914 2230 agens

628 2248 790 2277 creatum
819 2242 889 2276 erit
918 2247 1069 2284 creator,
1096 2240 1292 2276 dicendum
1322 2247 1380 2277 est
1408 2241 1506 2286 quod
1534 2240 1617 2276 licet
1642 2240 1723 2285 ipsa
1749 2242 1849 2276 actio
1874 2248 1910 2276 et

628 2304 751 2335 motus
777 2305 814 2335 et
844 2305 990 2345 tempus
1019 2305 1056 2334 et
1083 2299 1213 2344 passio,
1239 2309 1335 2344 quae
1363 2303 1449 2333 sunt
1475 2298 1533 2333 via
1560 2297 1597 2332 in
1625 2296 1813 2340 effectum,
1839 2310 1912 2334 non

628 2359 763 2394 cedunt
789 2358 824 2393 in
850 2358 1016 2405 potentia
1042 2356 1223 2400 materiae,
1250 2367 1317 2392 nec
1341 2368 1391 2391 ex
1419 2367 1463 2391 ea
1489 2356 1740 2402 producuntur
1766 2368 1837 2392 nec
1864 2368 1913 2392 ex

627 2415 761 2461 aliquo,
779 2421 904 2451 tamen
922 2414 1116 2461 productio
1134 2414 1284 2449 istorum
1302 2424 1376 2449 non
1393 2419 1449 2449 est
1466 2413 1609 2449 creatio.
1653 2411 1754 2449 Nam
1772 2415 1912 2450 creatio

628 2484 701 2508 non
718 2478 775 2508 est
791 2472 1084 2514 successivorum,
1103 2471 1304 2507 secundum
1329 2471 1429 2517 quod
1454 2471 1606 2506 sumitur
1634 2471 1670 2505 in
1696 2482 1789 2514 usu;
1824 2471 1913 2517 quia

628 2542 702 2567 non
728 2531 905 2577 accipitur
931 2529 1065 2566 creatio
1094 2529 1162 2565 nisi
1192 2534 1359 2575 respectu
1386 2527 1676 2574 permanentium
1709 2534 1751 2563 et
1787 2540 1910 2565 rerum

626 2589 784 2625 fixarum
810 2589 846 2623 in
876 2599 956 2623 esse
983 2588 1029 2622 de
1057 2586 1180 2629 nihilo,
1205 2591 1243 2622 et
1270 2586 1354 2621 ideo
1382 2586 1477 2621 bene
1506 2591 1626 2632 potest
1656 2586 1908 2622 successivum

626 2646 789 2692 produci,
807 2657 879 2681 non
895 2657 944 2681 ex
961 2645 1085 2690 aliquo
1103 2655 1169 2680 nec
1186 2644 1233 2679 de
1251 2643 1416 2690 potentia
1434 2643 1615 2684 materiae,
1626 2649 1663 2678 et
1681 2649 1807 2679 tamen
1826 2645 1909 2691 ejus

623 2693 817 2751 productio
859 2715 933 2738 non
974 2708 1032 2738 est
1068 2701 1217 2745 creatio,
1252 2712 1319 2737 nec
1358 2702 1477 2748 ipsum
1512 2712 1626 2748 agens
1659 2707 1717 2737 est
1751 2710 1910 2748 creator,
