2350 3580
617 738 681 782 156
866 737 1040 772 OPERIS
1064 737 1275 778 MMORJS
1301 737 1428 771 PARS
1454 737 1644 780 QUINTA.

617 828 693 865 Res
716 828 812 865 enim
835 827 1072 876 propinquior
1092 828 1248 866 eaeteri-
1270 828 1423 875 paribus
1443 832 1596 876 apparet
1621 826 1827 864 evidentius
1850 826 1889 864 in

615 897 681 922 sua
692 886 908 936 quantitate,
921 890 958 921 et
972 886 1165 935 praecipue
1181 887 1333 932 quando
1350 886 1421 922 sub
1436 885 1566 932 majori
1582 886 1718 932 ang-ulo
1733 884 1890 921 videtur.

617 942 658 979 Si
684 944 815 980 iterum
840 943 992 986 dicatur,
1014 944 1114 990 quod
1140 944 1230 979 radii
1254 943 1440 980 stellarum
1465 944 1655 980 inveniunt
1674 952 1830 990 vapores
1851 948 1889 978 et

615 1001 730 1037 nubes
741 1011 815 1038 non
829 1001 951 1037 solum
961 1001 997 1037 in
1011 1001 1203 1038 horizonte
1214 1007 1252 1038 et
1265 1011 1393 1048 prope,
1403 1001 1467 1038 sed
1478 1011 1604 1038 versus
1618 1000 1783 1037 medium
1794 999 1888 1037 coeli

614 1062 654 1094 et
674 1059 710 1094 iu
735 1058 797 1094 illo
815 1059 957 1102 medio;
987 1059 1053 1095 sed
1072 1059 1128 1095 sol
1143 1059 1296 1106 quando
1316 1065 1374 1094 est
1395 1070 1512 1106 prope
1532 1059 1694 1094 medium
1716 1057 1810 1094 coeli
1826 1057 1886 1093 vel

615 1117 652 1152 in
678 1117 801 1152 medio
826 1128 899 1152 non
923 1122 1079 1164 apparet
1102 1116 1270 1153 insolitae
1293 1117 1534 1163 quantitati„
1568 1127 1656 1164 ergo
1682 1127 1748 1152 nee
1772 1126 1890 1162 prope

613 1178 735 1210 ortum
748 1179 786 1210 et
802 1165 970 1210 occasum
983 1173 1006 1210 ¹.
1053 1174 1104 1211 Et
1119 1174 1272 1221 quidam
1290 1174 1527 1222 probabiliter
1545 1173 1711 1210 instructi
1727 1173 1765 1209 in
1780 1173 1889 1209 rebus

613 1232 850 1278 perspectivis
882 1232 1168 1269 aestimaverunt
1198 1243 1352 1279 vapores
1382 1243 1456 1269 uon
1485 1243 1566 1268 esee
1598 1241 1745 1268 oausam
1779 1230 1889 1275 huJ'us

613 1289 672 1333 rei,
696 1294 846 1336 propter
863 1289 959 1325 hanc
981 1289 1241 1335 objectionem.
1290 1289 1365 1326 Sed
1386 1290 1534 1336 decepti
1558 1293 1652 1330 sunt,
1668 1289 1756 1335 quia
1774 1288 1887 1324 aliam

613 1357 759 1383 eausam
785 1347 875 1383 dare
890 1359 965 1383 non
989 1353 1165 1394 possunt:
1191 1359 1279 1383 nam
1296 1347 1359 1383 illa
1381 1359 1478 1394 quae
1496 1347 1598 1394 prius
1623 1348 1808 1394 assignata
1830 1350 1888 1382 est

613 1404 661 1440 de
695 1405 946 1451 magnitudine
977 1405 1165 1441 stellarum
1201 1405 1237 1441 in
1270 1404 1461 1441 horizonte
1488 1410 1545 1441 est
1577 1409 1767 1452 perpetua.
1796 1403 1888 1440 haec

612 1466 737 1496 autem
759 1460 966 1508 apparitio*
983 1463 1248 1509 magnitudinis
1268 1467 1325 1499 est
1345 1463 1394 1500 ad
1416 1467 1571 1510 tempus.
1588 1472 1656 1497 nee
1678 1472 1834 1507 semper,
1849 1466 1888 1498 et

613 1519 697 1555 ideo
712 1519 826 1555 habet
841 1531 988 1556 causam
1006 1520 1265 1566 temporalem.
1314 1520 1443 1566 Atque
1458 1531 1525 1555 nos
1541 1520 1718 1563 videmus,
1738 1519 1887 1565 quando

613 1586 675 1612 aer
695 1582 751 1613 oet
770 1587 917 1613 serenus
939 1582 977 1614 et
1001 1577 1119 1614 siccus
1145 1578 1183 1613 in
1208 1582 1289 1613 ortu
1314 1581 1354 1613 et
1372 1588 1505 1613 occasu
1527 1586 1654 1612 carens
1676 1576 1887 1624 vaporibus,

613 1638 699 1669 tunc
721 1634 850 1670 stellae
865 1634 1003 1671 habent
1020 1635 1148 1671 solitas
1172 1634 1470 1682 magnitudines:
1494 1634 1643 1681 quando
1664 1645 1752 1670 vero
1772 1644 1886 1680 vapo-

613 1702 717 1727 roeus
735 1697 800 1736 est,
818 1692 855 1728 in
871 1692 941 1728 iilis
961 1693 1188 1740 temporibus
1205 1693 1339 1729 accidit
1359 1692 1543 1738 apparitio
1558 1692 1728 1728 insolitae
1744 1691 1886 1738 magni-

613 1749 759 1785 tudinis.
812 1750 1048 1786 Manifestum
1074 1763 1161 1798 ergo
1193 1755 1260 1794 est,
1285 1751 1383 1796 quod
1409 1761 1565 1796 vaporoe
1589 1755 1675 1785 sunt
1699 1749 1736 1785 in
1765 1760 1885 1785 causa.

613 1806 783 1853 objectio
810 1819 895 1844 vero
919 1809 1072 1845 solvitur
1102 1819 1168 1855 per
1194 1808 1274 1849 hoc.
1300 1808 1401 1855 quod
1431 1808 1521 1844 radii
1550 1807 1738 1844 stellarum
1772 1817 1887 1854 prope

613 1871 735 1900 ortum
757 1870 793 1900 et
811 1877 981 1900 occasum
1001 1866 1139 1901 eadunt
1157 1867 1308 1902 omnino
1325 1865 1372 1900 ad
1390 1865 1545 1912 angulos
1561 1864 1729 1911 obliquos
1747 1870 1786 1900 et
1803 1865 1887 1900 ideo

612 1922 826 1969 franguntur
842 1924 877 1958 in
901 1923 1092 1969 superficie
1114 1924 1208 1958 aeris
1224 1923 1423 1958 secundum
1443 1928 1603 1959 tenorem
1622 1923 1772 1958 canonis
1788 1922 1887 1958 dicti.

614 1978 688 2016 Sed
712 1980 861 2026 quando
879 1980 988 2016 stella
1008 1980 1130 2016 tendit
1148 1980 1196 2016 ad
1220 1980 1381 2016 medium
1404 1979 1505 2023 coeli,
1523 1981 1703 2017 accedunt
1723 1980 1814 2016 radii
1837 1979 1885 2015 ad

612 2037 870 2074 rectitudinem
895 2037 1121 2083 angulorum,
1139 2043 1290 2085 propter
1314 2038 1414 2085 quod
1436 2049 1512 2074 non
1532 2038 1585 2073 sic
1607 2037 1825 2085 franguntur
1846 2043 1887 2074 ut

613 2095 759 2140 quando
786 2095 890 2131 stella
914 2101 970 2130 est
997 2096 1032 2131 in
1063 2096 1216 2132 oriente.
1267 2096 1319 2131 Et
1341 2096 1373 2131 si
1396 2095 1603 2141 objiciatur,
1627 2096 1728 2141 quod
1756 2105 1887 2131 omnes

612 2153 704 2188 radii
729 2153 954 2199 planetarum
983 2152 1199 2198 franguntur
1228 2154 1321 2189 circa
1345 2153 1528 2198 tropicum
1554 2152 1696 2196 Cancri,
1720 2158 1760 2188 ut
1785 2154 1886 2199 prius

611 2209 781 2246 habitum
805 2216 872 2253 eet,
890 2211 977 2256 quia
1001 2221 1074 2247 non
1099 2211 1236 2246 cadunt
1262 2211 1299 2246 in
1324 2217 1490 2247 centrum
1518 2211 1654 2252 mundi,
1670 2211 1735 2246 sed
1759 2220 1887 2246 versus

613 2267 828 2310 horizonta3
858 2269 1134 2305 concedendum
1161 2274 1239 2305 est:
1268 2269 1332 2305 sed
1359 2274 1483 2305 tamen
1510 2267 1618 2313 longe
1643 2268 1765 2304 minus
1789 2267 1886 2302 sran-

613 2330 759 2372 guntur,
788 2331 826 2361 et
855 2327 974 2371 magis
1003 2327 1185 2361 accedunt
1214 2327 1261 2361 ad
1292 2324 1712 2373 perpendicularitatem,
1737 2326 1887 2371 quando

613 2383 719 2418 steila
748 2388 804 2419 est
835 2394 959 2419 versus
987 2383 1150 2419 medium
1181 2383 1272 2419 coeli
1286 2396 1296 2426 ς,
1332 2389 1370 2419 et
1401 2383 1484 2418 ideo
1514 2382 1596 2419 licet
1623 2389 1707 2419 tunc
1734 2387 1887 2429 apparet

614 2440 764 2485 majoris
779 2440 994 2487 quantitatis
1012 2445 1162 2488 propter
1176 2451 1341 2489 vapores,
1354 2452 1430 2477 non
1447 2446 1572 2476 tamen
1587 2440 1732 2476 insolita
1745 2440 1887 2487 magni-

613 2498 748 2540 tudine,
761 2499 808 2533 de
828 2509 901 2543 qua
914 2498 972 2533 hic
986 2498 1181 2544 loquimur.
1216 2499 1412 2544 Majoritap
1423 2503 1547 2534 autem
1563 2498 1685 2544 anguli
1698 2498 1887 2534 fractIonis

613 2560 650 2590 et
676 2555 795 2601 major
819 2567 979 2592 recessus
1001 2557 1050 2591 ab
1070 2557 1212 2592 incessu
1239 2562 1339 2592 recto
1363 2557 1461 2599 facit,
1478 2556 1577 2602 quod
1602 2567 1658 2591 res
1683 2555 1803 2601 major
1819 2567 1887 2603 ap·

613 2618 716 2659 paret
735 2618 771 2648 et
788 2613 1035 2659 propinquior.

428 2679 517 2716 Aput
528 2678 597 2705 cmm
661 2669 701 2705 Si
734 2681 821 2705 vero
855 2671 1125 2706 consideremus
1157 2671 1285 2706 stellas
1319 2678 1356 2706 et
1387 2671 1510 2706 media
1545 2671 1747 2706 secundum
1780 2681 1886 2706 suam

425 2723 538 2752 ”¹²⁰⁶ss
557 2723 597 2742 ’θ’
613 2726 815 2763 naturalem
832 2726 1121 2774 dispositionem,
1139 2729 1299 2765 exclusis
1316 2729 1514 2775 vaporibus
1530 2734 1565 2764 et
1583 2729 1734 2764 exclusa
1746 2728 1887 2775 reliqua

424 2751 579 2816 {satanam
613 2796 721 2822 causa
739 2792 914 2833 perpetua
930 2786 979 2822 de
994 2797 1068 2833 qua
1085 2787 1250 2833 superius
1272 2787 1412 2822 dictum
1430 2791 1496 2831 est,
1513 2792 1598 2822 tunc
1616 2786 1749 2822 accidit
1768 2797 1887 2823 canon

646 2869 652 2886 ¹
675 2870 736 2897 The
750 2871 828 2897 umal
841 2870 923 2905 form,
936 2871 1088 2898 dicendum
1101 2875 1152 2904 eet,
1168 2871 1193 2899 is
1205 2872 1335 2906 wanting
1346 2872 1427 2900 bere.

647 2913 657 2929 ¹
677 2913 766 2946 Here,
786 2922 818 2941 us
835 2914 912 2941 osten
930 2914 1101 2948 elsewhere.
1115 2914 1173 2942 thia
1190 2914 1272 2942 word
1288 2915 1314 2942 is
1331 2914 1492 2951 stequenssy
1504 2915 1618 2943 written
1632 2915 1661 2942 in
1674 2914 1702 2948 J.
1720 2916 1885 2951 aperie-,tiu

610 2956 636 2985 12
650 2958 672 2985 in
686 2957 796 3003 nlwffys
807 2957 946 2992 apparitio
958 2958 988 2984 in
1003 2957 1074 2993 Reg.
