2350 3580
614 718 684 764 238
851 720 1026 755 OPERIS
1051 720 1263 760 MAJORJS
1289 719 1418 754 PARS
1442 718 1663 755 SEPTIMA.

615 809 846 849 altitudinem
870 809 950 856 ejus
970 816 1009 847 et
1030 809 1323 857 profunditatem
1343 809 1543 846 declarant.
1593 810 1645 847 Et
1665 810 1712 846 de
1728 808 1897 847 Diabolo

615 871 652 904 et
668 867 827 915 Angelis
848 868 928 915 ejus
945 868 1064 904 multa
1080 867 1194 904 locuti
1212 875 1309 904 sunt.
1359 868 1457 904 Nam
1479 867 1632 904 Ethieus
1651 867 1896 915 philosophus

616 926 664 960 de
690 937 736 961 eo
764 926 983 961 sententiam
1009 925 1154 962 fidelem
1181 926 1376 972 expressit,
1402 931 1444 962 ut
1474 926 1574 972 prius
1603 925 1771 962 habitum
1799 929 1859 960 ωε
1872 923 1896 969 ¹,

617 987 693 1018 tam
727 983 776 1018 ad
809 983 1030 1019 creationem
1065 994 1178 1030 quam
1215 983 1263 1018 de
1296 988 1452 1029 peccato
1483 987 1522 1019 et
1554 982 1791 1018 damnatione
1826 992 1895 1018 sua

613 1031 842 1087 ¹primordiali
879 1045 917 1075 et
944 1040 1042 1076 finali
1073 1046 1157 1087 post
1188 1040 1379 1087 judicium.
1430 1040 1482 1075 Et
1510 1040 1621 1077 etiam
1648 1040 1895 1086 praesumpsit

615 1097 737 1132 dicere
758 1097 943 1133 decimum
966 1098 1130 1133 ordinem
1154 1098 1331 1134 cecidisse
1353 1103 1440 1144 post
1461 1102 1652 1143 peecatum
1675 1097 1712 1132 in
1734 1107 1893 1142 poenam

617 1154 757 1190 inferni.
809 1154 862 1190 Et
885 1153 1065 1201 Apuleius
1082 1160 1120 1191 et
1139 1154 1244 1190 Plato
1269 1160 1307 1190 et
1327 1154 1388 1191 alii
1410 1154 1640 1202 distinguunt
1661 1153 1736 1190 duo
1757 1164 1894 1200 genera

617 1211 863 1258 Daemonum,
879 1213 966 1259 quia
984 1212 1152 1249 Daemon
1169 1224 1302 1259 graece
1322 1213 1420 1250 idem
1441 1218 1497 1249 est
1521 1213 1621 1260 quod
1637 1212 1754 1249 sciens
1770 1211 1892 1248 latine.

617 1269 708 1305 Ideo
724 1281 872 1316 quoque
888 1274 974 1306 sunt
990 1269 1289 1306 calo-daemona
1305 1275 1343 1306 et
1360 1271 1672 1312 caco-daemones,
1684 1269 1723 1305 id
1734 1273 1792 1304 est
1803 1269 1893 1305 boni

617 1333 654 1363 et
679 1328 778 1363 mali.
828 1328 1079 1364 Calon'enim
1105 1333 1161 1363 est
1184 1325 1321 1364 bonum
1346 1334 1384 1364 et
1410 1338 1522 1364 cacon
1548 1333 1605 1363 est
1634 1327 1783 1363 malum.
1833 1326 1895 1362 De

615 1385 722 1421 bonis
755 1396 841 1421 vero
876 1385 1152 1430 intelligendum
1190 1391 1244 1422 est
1279 1396 1373 1431 quae
1405 1385 1505 1422 dicta
1532 1390 1618 1420 sunt
1645 1384 1693 1421 de
1723 1383 1894 1423 custodia

615 1441 817 1477 hominum.
868 1443 959 1479 Mali
983 1453 1070 1479 vero
1090 1448 1176 1478 sunt
1201 1443 1340 1479 diaboli
1364 1443 1512 1479 nomine
1536 1449 1574 1479 et
1597 1441 1634 1477 hi
1662 1441 1895 1488 passionibus

614 1501 727 1535 animi
770 1499 1062 1542 irrationabiliter
1102 1501 1241 1536 cedunt
1281 1501 1481 1536 secundum
1523 1499 1751 1546 Apuleium;
1793 1499 1894 1534 unde

615 1557 796 1603 indignari
826 1563 863 1594 et
890 1558 974 1604 angi
1003 1563 1041 1594 et
1074 1558 1203 1594 laetari
1236 1558 1281 1593 de
1316 1557 1414 1593 malo
1447 1562 1485 1592 ct
1518 1557 1632 1602 irasci,
1662 1562 1701 1593 et
1727 1562 1894 1593 caeteros

615 1615 795 1661 malignos
824 1622 946 1651 motus
979 1615 1130 1651 habent.
1193 1615 1243 1651 Et
1279 1615 1301 1650 ii
1334 1621 1422 1651 sunt
1453 1615 1502 1650 de
1533 1614 1667 1661 quibus
1693 1614 1894 1661 loquuntur

614 1678 757 1718 poetae,
781 1677 822 1707 ut
855 1673 945 1709 dicit
972 1672 1165 1718 Apuleius.
1199 1677 1237 1708 et
1270 1683 1363 1718 quos
1399 1671 1542 1717 fingunt
1574 1684 1655 1708 esse
1691 1670 1822 1707 Deos⁸
1854 1677 1895 1707 et

613 1736 797 1766 amatores
821 1731 1061 1776 quorundam.
1079 1735 1117 1766 et
1132 1731 1281 1766 odiosos
1301 1729 1403 1773 alim
1425 1736 1462 1767 et
1481 1730 1632 1776 quidam
1656 1734 1741 1765 sunt
1758 1728 1894 1772 incubi,

614 1792 651 1823 et
676 1787 815 1824 ducunt
831 1787 999 1824 homines
1014 1788 1062 1824 ad
1085 1794 1239 1834 peccata
1265 1793 1302 1823 et
1325 1787 1425 1828 vitia,
1443 1793 1481 1823 et
1505 1793 1634 1834 postea
1658 1788 1707 1823 ad
1732 1797 1893 1833 poenam

614 1845 755 1889 inferni,
781 1846 828 1880 de
861 1856 934 1892 qua
963 1845 1163 1892 loquuntur
1191 1845 1350 1880 Hermes
1376 1845 1638 1890 Trismegistus
1668 1849 1707 1880 et
1736 1843 1894 1879 Ethicus

613 1900 863 1948 philosophus
1542 1942 1543 1945 Ἴ

426 1967 548 1995 witness
561 1968 592 1995 οι
663 1959 722 1995 De
741 1959 1023 1996 Immortalitate
1034 1959 1194 1996 Animae
1208 1960 1243 1996 in
1263 1960 1531 2007 Metaphysicis
1544 1966 1601 1996 est
1611 1965 1763 1996 tactum.
1814 1958 1893 1996 Sed

427 2013 495 2031 '¹⁰¹¹'
613 2016 671 2052 hic
715 2017 901 2053 moraliter
937 2022 974 2053 et
1008 2018 1203 2063 praecipue
1236 2019 1285 2054 de
1325 2018 1490 2063 corporis
1531 2018 1794 2054 resurrectione
1835 2022 1894 2054 est

426 2040 589 2105 &rii-2:¹20
613 2074 819 2117 dicendum.
837 2075 883 2109 de
903 2086 977 2120 qua
997 2087 1069 2110 non
1093 2075 1216 2120 potuit
1244 2075 1523 2120 Metaphyaicus
1550 2076 1638 2110 dare
1667 2074 1892 2110 sententiam

425 2121 493 2185 ff?
495 2118 567 2176 ‘1³:22¹
613 2142 681 2167 nec
699 2132 937 2168 universalem
954 2144 1021 2168 nec
1046 2132 1316 2178 particularem.
1367 2132 1454 2168 Non
1483 2132 1603 2168 solum
1629 2137 1755 2168 autem
1781 2132 1893 2168 Aris-

426 2185 745 2249 ssffiek'uffiftoteles
777 2195 815 2226 et
843 2189 1032 2226 Avicenna
1059 2190 1242 2227 dederunt
1268 2190 1343 2226 vias
1369 2190 1476 2226 utiles
1501 2190 1549 2226 ad
1574 2189 1894 2226 immortalitatem

427 2257 508 2293 body.
613 2249 817 2282 animarum
850 2248 899 2283 de
932 2248 1065 2293 quibus
1098 2249 1199 2293 prius
1234 2249 1374 2285 dictum
1410 2252 1476 2290 est,
1507 2248 1572 2282 sed
1607 2247 1818 2293 philosophi
1854 2248 1891 2285 in

615 2305 815 2340 moralibus
839 2310 926 2340 sunt
951 2305 1072 2341 locuti.
1134 2307 1232 2341 Nam
1263 2307 1381 2351 primo
1407 2307 1455 2341 de
1481 2305 1772 2351 Quaestionibus
1797 2305 1894 2341 Tus-

613 2362 759 2403 cuiauis,
777 2362 906 2398 Cicero
922 2362 1120 2398 sententiat
1131 2362 1445 2399 immortalitatem
1463 2363 1616 2403 animae,
1629 2368 1667 2398 et
1685 2373 1752 2408 per
1767 2367 1892 2398 totum

613 2420 744 2455 librum
764 2420 873 2454 istum
888 2419 903 2440 ⁴
920 2420 1125 2467 investigat,
1137 2427 1174 2455 et
1190 2421 1441 2468 persuasiones
1452 2420 1570 2455 varias
1581 2420 1627 2455 ad
1641 2420 1709 2455 hoc
1727 2419 1894 2462 revolvit,

613 2489 707 2522 quae
741 2489 788 2512 ex
827 2477 919 2512 libro
951 2478 1014 2512 illo
1052 2483 1192 2523 patent,
1228 2489 1294 2513 nec
1327 2482 1478 2522 possunt
1522 2477 1581 2512 hic
1622 2477 1711 2523 poni
1740 2482 1894 2522 propter

614 2534 875 2580 prolixitatem.
941 2534 990 2570 Et
1028 2534 1192 2570 similiter
1230 2535 1263 2570 in
1301 2535 1394 2570 libro
1436 2535 1483 2570 de
1525 2534 1720 2571 Senectute
1760 2534 1892 2570 adem

613 2592 868 2626 immortalitas
890 2603 912 2626 a
942 2592 1071 2627 Marco
1099 2592 1223 2626 Tullio
1254 2592 1527 2629 determinatur.
1582 2591 1632 2626 Et
1658 2592 1694 2626 in
1722 2591 1816 2626 libro
1843 2591 1894 2626 de

614 2650 755 2684 Natura
777 2649 908 2684 Divina
937 2649 1094 2685 Hermes
1112 2650 1314 2685 Mercurius
1339 2650 1463 2696 pulcre
1487 2650 1583 2692 dicit,
1608 2649 1709 2684 Deus
1725 2653 1764 2683 et
1786 2654 1894 2695 pater

610 2706 775 2742 omnium
792 2713 831 2741 et
848 2708 1028 2749 dominus,
1050 2714 1087 2742 et
1105 2706 1134 2743 is
1157 2708 1219 2753 qui
1243 2706 1343 2743 solua
1367 2712 1424 2742 est
1446 2706 1567 2742 omnia
1592 2705 1627 2742 in
1654 2704 1834 2746 omnibus,
1850 2717 1892 2742 se

652 2782 659 2798 ¹
679 2786 710 2809 ut
722 2782 801 2816 prius
815 2781 941 2810 habitum
954 2786 1010 2814 eat.
1023 2791 1079 2810 om.
1094 2782 1129 2810 Ο.
1143 2786 1172 2810 et
1188 2782 1221 2810 D.

648 2825 659 2840 ¹
679 2824 819 2859 Probably
832 2825 914 2853 these
930 2826 1028 2853 words
1043 2834 1123 2853 were
1143 2825 1296 2860 originally
1310 2825 1427 2853 written
1447 2825 1485 2860 by
1500 2825 1598 2852 Baton
1618 2824 1647 2852 in
1666 2823 1763 2852 Greek
1783 2823 1891 2852 leuen.

614 2867 670 2895 But
684 2868 712 2895 in
727 2868 777 2895 the
790 2868 954 2896 fourteenth
968 2868 1023 2896 and
1039 2868 1099 2896 first
1114 2868 1174 2896 hall·
1183 2868 1216 2895 of
1225 2868 1274 2895 the
1288 2868 1419 2895 fifteenth
1432 2873 1554 2902 century
1567 2867 1739 2902 knowledge
1752 2867 1787 2894 ns
1794 2867 1892 2895 Greek

613 2911 640 2937 in
656 2911 792 2937 northern
809 2911 923 2946 Europe
935 2920 997 2939 was
1010 2920 1081 2939 even
1097 2920 1176 2939 farer*
1190 2912 1256 2938 than
1272 2912 1300 2938 in
1316 2912 1365 2938 the
1381 2912 1547 2939 thirteenth.

648 2955 659 2971 ¹
679 2954 757 2980 Deos
770 2959 808 2987 et,
824 2963 879 2981 om.
898 2954 932 2982 M.
1264 2954 1275 2973 ⁴
1296 2955 1425 2990 primum,
1436 2959 1490 2991 pro
1502 2955 1596 2989 istum.
1613 2955 1647 2982 D.
1661 2958 1689 2982 et
1703 2954 1738 2982 0.
