2350 3580
597 697 662 743 148
837 699 1012 734 'OPERIS
1037 699 1249 739 ualoms
1276 698 1404 734 PARS
1430 699 1618 741 QUINTA.

595 795 636 826 et
669 788 1008 836 perpendicularem
1043 800 1069 825 α
1094 801 1118 826 o
1149 800 1265 837 usque
1299 789 1336 826 in
1364 800 1385 826 e
1412 795 1592 836 punctum
1618 789 1657 826 in
1681 788 1874 837 superficie

596 845 770 892 glacialia.

408 914 499 942 These
643 903 697 940 Et
719 914 792 940 non
817 903 934 940 solum
951 903 1097 940 videtur
1103 910 1132 950 p
1148 915 1215 951 per
1230 915 1343 940 unum
1367 905 1510 941 radium
1531 903 1697 947 fractum,
1713 904 1779 940 sed
1805 915 1874 952 per

406 950 539 1016 m
596 960 766 998 infinitos.
816 961 914 998 Nam
937 961 986 998 ab
1008 962 1090 1008 ipso
1101 967 1128 1008 p
1142 962 1285 1008 possint
1308 961 1437 999 infiniti
1456 961 1683 999 declinantes
1705 961 1870 1010 protrahi

407 1031 468 1059 ny·
480 1023 546 1052 take
595 1019 643 1055 ad
659 1018 890 1065 superficiem
907 1029 1068 1062 eol-neae,
1088 1025 1125 1054 et
1143 1019 1330 1066 quaelibet
1347 1019 1490 1056 illarum
1508 1019 1694 1066 frangetur
1709 1026 1747 1057 et
1763 1020 1872 1057 eadet

408 1097 506 1124 vium.
595 1077 633 1112 in
648 1076 821 1117 foramen,
837 1081 877 1112 ut
892 1077 1014 1112 veniat
1030 1078 1079 1113 ad
1097 1076 1254 1123 aliquem
1273 1082 1450 1123 punctum
1467 1078 1641 1124 glacialis,
1655 1079 1747 1113 sicut
1767 1082 1871 1124 patet

595 1134 633 1170 in
658 1134 759 1170 radio
775 1134 859 1181 μὴ
895 1145 979 1170 nam
1008 1145 1083 1170 non
1108 1134 1212 1170 vadit
1236 1134 1272 1172 in
1296 1146 1325 1178 c,
1341 1135 1407 1170 sed
1430 1134 1607 1182 frangitur
1630 1136 1667 1171 in
1689 1133 1712 1170 b
1732 1139 1871 1181 puncto

593 1202 746 1229 corneae
764 1192 857 1228 inter
872 1192 1052 1228 incessum
1077 1197 1214 1228 rectum
1239 1192 1303 1238 qui
1319 1198 1377 1229 est
1392 1191 1415 1228 b
1428 1203 1456 1234 c‚
1476 1199 1515 1229 et
1531 1191 1871 1239 perpendicularem

593 1261 688 1296 quae
717 1254 772 1286 est
797 1250 859 1293 bo,
879 1254 920 1285 ut
943 1251 1056 1285 vadat
1083 1249 1117 1285 in
1134 1250 1169 1294 f
1186 1254 1364 1296 punctum
1394 1250 1572 1296 glacialis,
1594 1256 1632 1286 et
1656 1250 1711 1285 sic
1738 1253 1796 1285 est
1825 1250 1873 1285 de

593 1307 755 1343 infinitis.
805 1307 857 1343 Et
879 1307 962 1343 ideo
987 1305 1143 1343 multum
1170 1306 1382 1343 melioratur
1401 1311 1440 1344 et
1463 1307 1669 1354 completur
1687 1308 1781 1343 visio
1807 1317 1875 1353 per

594 1364 801 1410 hujusmodi
831 1364 954 1401 radios
983 1364 1117 1400 fractos
1147 1363 1310 1401 infinitos
1339 1365 1374 1401 in
1403 1365 1534 1411 quibus
1562 1365 1682 1402 omnis
1710 1375 1768 1401 res
1795 1364 1875 1401 visa

590 1423 746 1466 videtur,
772 1427 917 1469 praeter
943 1422 1014 1457 hoc
1044 1422 1144 1467 quod
1170 1422 1341 1457 videatur
1365 1433 1432 1468 per
1461 1422 1603 1459 radium
1633 1422 1873 1470 perpendicu-

590 1480 715 1515 larem.
767 1480 959 1515 Praeterea
983 1479 1171 1514 sciendum
1199 1483 1255 1514 est
1280 1480 1379 1525 quod
1403 1479 1552 1525 aliquod
1576 1480 1676 1526 quod
1698 1479 1874 1525 objicitur

593 1536 759 1573 foramini
791 1542 914 1583 potest
937 1537 1050 1572 videri
1079 1536 1192 1572 fracte
1219 1542 1256 1573 et
1280 1548 1354 1573 non
1379 1536 1565 1574 videbitur
1587 1543 1696 1579 recte.
1720 1538 1874 1584 quando

590 1594 730 1631 scilicet
750 1594 897 1642 aliquod
917 1594 1146 1630 obstaculum
1171 1605 1306 1641 parvae
1327 1595 1531 1631 latitudinis
1550 1595 1814 1642 interponitur:
1831 1601 1875 1632 ut

591 1652 730 1688 festuca
759 1663 872 1698 parva
903 1657 1006 1687 stans
1034 1656 1163 1687 contra
1199 1652 1343 1687 oculum
1374 1653 1470 1688 inter
1501 1653 1618 1701 ipsum
1654 1658 1693 1688 ct
1720 1652 1872 1698 aliquod

590 1709 732 1747 visibile
756 1709 934 1756 impediet
954 1709 1150 1745 transitum
1174 1709 1310 1755 speciei
1334 1709 1486 1755 alicujus
1510 1709 1625 1757 partis
1649 1710 1729 1756 ejus
1754 1710 1874 1746 direc-

590 1773 684 1804 tum.
736 1767 787 1804 Et
808 1773 897 1803 tunc
917 1767 1007 1803 radii
1023 1766 1252 1803 declinantes
1272 1767 1405 1803 cadent
1427 1777 1538 1814 super
1554 1777 1725 1804 corneam
1743 1767 1792 1803 ab
1810 1767 1875 1804 ina

593 1836 652 1868 re:
675 1825 759 1872 quia
777 1830 919 1871 praeter
937 1835 1043 1860 unam
1063 1824 1403 1871 perpendicularem
1419 1835 1513 1871 quae
1531 1826 1679 1860 caderet
1696 1825 1763 1860 nisi
1778 1830 1875 1860 esset

590 1883 832 1925 obstaculum,
857 1883 993 1918 cadunt
1018 1880 1181 1917 infinitae
1205 1882 1443 1925 declinantes,
1470 1888 1509 1918 ut
1534 1894 1629 1918 nunc
1654 1883 1774 1918 visum
1804 1887 1872 1918 est.

594 1940 645 1977 Et
666 1940 750 1977 ideo
767 1940 950 1976 videbitur
970 1939 1089 1976 solum
1110 1950 1176 1986 per
1199 1940 1321 1976 radios
1343 1939 1476 1976 fractos
1498 1946 1536 1976 et
1561 1951 1634 1976 non
1656 1951 1722 1987 per
1743 1946 1874 1981 rectos.

593 2004 633 2034 ut
657 2004 759 2044 patet
782 2009 846 2044 per
869 1997 1145 2044 experientiam,
1163 1998 1193 2032 si
1216 1998 1299 2044 quis
1324 2003 1451 2034 teneat
1476 1997 1570 2034 inter
1592 1998 1738 2035 oculum
1765 2009 1874 2034 suum

593 2062 628 2092 et
646 2056 807 2102 aliquam
828 2067 903 2090 rem
923 2055 1099 2091 festucam
1118 2056 1176 2090 vel
1194 2067 1324 2097 acum;
1347 2061 1384 2091 et
1405 2056 1598 2101 praecipue
1618 2056 1665 2091 ad
1683 2055 1874 2092 <andelam

590 2119 712 2160 potest
730 2113 801 2149 hoc
817 2113 990 2160 experiri.

1065 2245 1316 2281 CAPITULUM
1345 2245 1392 2281 11.

641 2351 702 2388 De
722 2351 933 2388 diversitate
958 2350 1203 2397 apparitionis
1225 2350 1296 2387 loci
1319 2349 1486 2396 imaginis
1510 2360 1576 2396 per
1598 2348 1814 2387 fractionem
1836 2350 1874 2387 in

593 2409 721 2456 planis.

407 2509 564 2537 Rnfmction
641 2503 839 2541 Sciendum
866 2514 952 2539 vero
977 2503 1077 2550 quod
1101 2502 1194 2538 visio
1221 2513 1285 2549 per
1310 2502 1523 2538 fractionem
1551 2508 1606 2538 est
1633 2502 1667 2538 in
1694 2512 1874 2538 concursu

406 2544 533 2610 :3225
590 2562 682 2598 radii
710 2561 859 2598 visualis
895 2572 977 2597 curn
1008 2560 1165 2600 catheto,
1192 2560 1285 2595 sicut
1316 2559 1456 2595 dictum
1492 2566 1548 2595 est
1583 2559 1632 2595 de
1665 2559 1874 2596 reflexione.

593 2619 668 2655 Sed
692 2619 764 2654 hoc
788 2624 912 2665 potest
937 2629 1018 2654 esse
1043 2617 1163 2653 modis
1190 2617 1296 2653 variis
1325 2622 1363 2652 et
1394 2615 1627 2652 mirabilibus.
1678 2615 1874 2662 Quatenus

590 2682 715 2713 autem
741 2686 891 2712 omnem
921 2675 1170 2712 diversitatem
1199 2674 1410 2720 hujusmodi
1436 2674 1676 2720 apparitionis
1707 2685 1874 2720 compre-

590 2734 806 2777 hendamus,
822 2737 970 2779 oportet
988 2732 1221 2769 considerare
1240 2733 1387 2778 quando
1407 2733 1443 2766 in
1461 2731 1576 2777 planis
1601 2731 1814 2777 corporibus
1836 2737 1874 2766 et

592 2791 759 2829 concavis
781 2796 817 2826 et
836 2790 1010 2826 convexis
1032 2790 1167 2825 accidit
1189 2789 1399 2835 hujusmodi
1416 2789 1618 2824 diversitas.
1671 2789 1720 2823 Et
1744 2800 1876 2824 secun-

590 2849 681 2885 dum
706 2848 777 2885 hoc
801 2847 901 2895 quod
923 2847 1050 2884 oculus
1074 2852 1130 2883 est
1157 2847 1194 2882 in
1220 2846 1343 2882 medio
1367 2845 1551 2882 subtiliori
1571 2846 1627 2882 vel
1647 2846 1818 2888 densiori.
1836 2852 1876 2882 et

593 2917 649 2943 res
675 2906 752 2942 visa
777 2917 797 2941 e
821 2911 959 2942 contra.
1010 2904 1050 2942 Si
1069 2915 1158 2940 vero
1183 2903 1312 2940 oculus
1334 2904 1383 2939 sit
1409 2904 1443 2938 in
1474 2904 1667 2950 perspicuo
1692 2903 1874 2940 subtiliori
