2350 3580
587 721 658 757 224
815 712 988 746 OPERIS
1013 710 1227 751 MAJORJS
1252 710 1380 745 PARS
1406 709 1627 744 SEPTIMA.

586 800 805 850 principales
832 803 1067 849 operationes
1090 802 1261 846 hominis.
1288 812 1383 848 quae
1410 807 1496 838 sunt
1518 791 1614 837 cim
1642 799 1796 836 virtute·
1824 803 1866 835 et

586 861 675 898 vitia
685 859 710 904 ²,
727 866 765 897 et
781 860 990 897 felicitatem
1008 867 1045 897 et
1063 860 1245 896 miseriam
1263 859 1410 896 alterius
1426 859 1535 895 vitae.

399 925 442 952 12·
457 925 573 953 relation
636 919 740 956 Haec
757 929 843 955 vero
862 919 1026 964 practica
1047 922 1201 955 vocatur
1223 916 1370 952 moralis
1394 920 1430 952 et
1452 916 1567 953 civilis
1588 915 1749 951 scientia.
1766 925 1867 961 quae

399 962 535 1034 ἱξὲω·
587 977 730 1012 ordinat
755 976 939 1011 hominem
966 976 1012 1011 ad
1038 976 1159 1010 Deum
1185 981 1223 1010 et
1248 975 1294 1010 ad
1319 975 1539 1021 proximum,
1556 979 1594 1009 et
1618 972 1666 1008 ad
1692 972 1866 1019 seipsum.

587 1039 626 1069 et
650 1033 783 1080 probat
808 1033 875 1069 has
899 1033 1152 1076 ordinationes,
1173 1039 1213 1068 et
1243 1033 1291 1068 ad
1319 1043 1381 1068 eas
1410 1043 1476 1068 nos
1504 1031 1632 1067 invitat
1657 1036 1696 1066 et
1721 1030 1867 1067 excitat

587 1090 790 1126 efficaciter.
843 1089 948 1126 Haec
982 1091 1079 1126 enirn
1112 1090 1263 1127 scientia
1295 1097 1354 1126 est
1382 1090 1432 1125 de
1461 1089 1581 1125 salute
1612 1088 1770 1124 hominis
1798 1099 1868 1134 per

586 1149 757 1184 virtutem
788 1153 824 1184 et
855 1147 1063 1183 felicitatem
1089 1147 1330 1193 complenda;
1363 1151 1400 1182 et
1430 1147 1565 1192 aspirat
1594 1145 1685 1181 haec
1710 1145 1867 1182 scientia

587 1207 635 1243 ad
661 1204 759 1242 illam
786 1205 951 1250 salutem,
968 1212 1145 1251 quantum
1169 1211 1293 1251 potest
1315 1204 1571 1251 philosophia;
1601 1216 1648 1240 ex
1672 1204 1806 1251 quibus
1828 1203 1867 1239 in

588 1263 781 1299 universali
812 1268 917 1310 patet
953 1262 1052 1310 quod
1090 1262 1183 1299 haee
1219 1263 1370 1299 scientia
1410 1267 1467 1297 eet
1504 1262 1661 1296 nobilior
1694 1260 1868 1296 omnibus

588 1321 755 1367 partibus
790 1320 1054 1366 philosophiae.
1103 1321 1203 1356 Nam
1235 1332 1319 1356 cum
1350 1320 1399 1355 sit
1427 1320 1627 1366 sapientiae
1655 1316 1868 1354 humanae*

590 1376 672 1413 finis
688 1379 859 1422 internus,
877 1382 915 1413 et
937 1367 1017 1412 linis
1041 1383 1094 1414 est
1119 1376 1381 1413 nobilissimum
1407 1377 1444 1412 in
1465 1389 1503 1412 re
1525 1376 1699 1427 qualibet,
1716 1381 1867 1423 oportet

588 1434 688 1481 quod
706 1434 797 1470 haec
812 1435 966 1471 scientia
980 1435 1028 1471 sit
1045 1434 1282 1471 nobilissima.
1321 1434 1498 1472 Similiter
1510 1434 1523 1456 ³
1541 1435 1587 1471 de
1604 1434 1732 1470 iisdem
1750 1444 1868 1480 nego-

588 1493 701 1528 tiatur
726 1492 816 1528 haec
838 1492 917 1528 sola
941 1493 1101 1536 scientia,
1122 1492 1181 1529 vel
1208 1493 1383 1533 maxime,
1410 1493 1456 1528 de
1481 1493 1616 1538 quibus
1641 1491 1868 1537 Theologia:

588 1550 675 1596 quia
701 1550 908 1596 Theologia
937 1562 1011 1586 non
1041 1551 1250 1586 considerat
1279 1551 1345 1586 nisi
1374 1551 1536 1596 quinque
1563 1550 1752 1595 praedicta
1781 1549 1868 1585 licet

588 1607 661 1643 alio
688 1608 810 1647 modo.
832 1608 973 1644 scilicet
998 1607 1033 1644 in
1061 1607 1133 1644 fide
1159 1607 1305 1644 Christi.
1357 1607 1434 1643 Et⁴
1461 1607 1551 1644 haec
1576 1607 1725 1644 scientia
1749 1606 1869 1643 multa

589 1665 775 1712 praeclara
808 1666 1019 1702 testimonia
1052 1666 1099 1702 de
1132 1666 1261 1702 eadem
1296 1665 1370 1702 fide
1401 1666 1589 1708 continet;
1632 1670 1667 1701 et
1701 1676 1725 1701 a
1757 1665 1870 1712 long-e

590 1723 761 1759 articulos
798 1724 1017 1769 principales
1059 1723 1183 1760 olfacit
1221 1725 1259 1758 in
1302 1735 1476 1769 magnum
1518 1723 1740 1769 adjutorium
1779 1722 1868 1759 fidei

593 1781 821 1816 Christianae
855 1787 895 1817 ut
928 1782 1117 1827 sequentia
1152 1782 1403 1818 declarabunt.
1463 1782 1538 1818 Sed
1572 1774 1774 1827 Theologi'a
1811 1787 1868 1816 est

590 1838 823 1874 scientiarum
857 1838 1105 1885 nobilissimam
1145 1850 1236 1886 ergo
1273 1839 1336 1875 illa
1369 1851 1463 1886 quae
1501 1839 1666 1875 maxime
1698 1838 1870 1875 convenit

590 1906 673 1930 curn
699 1907 744 1930 ea
774 1900 830 1931 est
858 1896 1014 1930 nobilior
1043 1896 1137 1931 inter
1165 1902 1336 1932 caeteras.
1390 1896 1465 1933 Sed
1494 1900 1534 1931 ut
1558 1896 1668 1943 hujus
1696 1896 1870 1932 scientiae

592 1951 729 1987 utilitas
755 1958 881 1998 pateat
908 1953 1081 1995 maxima,
1105 1958 1254 2000 oportet
1279 1953 1357 1999 ejus
1385 1959 1507 2000 partes
1533 1953 1753 1999 investigari,
1775 1964 1870 1999 qua-

591 2016 699 2045 tenus
715 2010 764 2045 de
779 2009 946 2056 partibus
961 2017 1000 2046 et
1017 2016 1099 2046 toto
1117 2011 1216 2056 quod
1234 2011 1401 2047 volumus
1419 2011 1645 2047 extrahatur.

405 2075 432 2102 11
445 2083 556 2111 pmup-
641 2067 692 2102 Et
715 2067 890 2114 quoniam
915 2067 1068 2102 Mor-alis
1085 2068 1323 2115 Philosophia
1345 2075 1401 2104 est
1423 2068 1505 2105 finis
1523 2070 1687 2105 omniurn
1707 2069 1869 2115 partium

404 2112 546 2176 munt}
590 2125 857 2172 philosophiae,
875 2127 1023 2160 necesse
1045 2131 1102 2161 est
1123 2132 1163 2161 ut
1188 2126 1436 2162 conclusiones
1461 2127 1612 2162 aliarum
1636 2127 1870 2166 scientiarum

405 2185 553 2220 preceding
590 2182 665 2218 sint
688 2182 866 2229 principia
890 2182 927 2218 in
954 2194 997 2218 ea
1021 2185 1221 2219 secundum
1248 2184 1403 2220 formam
1430 2185 1723 2231 praecedentium
1749 2185 1870 2219 scien-

405 2221 533 2249 scienta.
590 2240 724 2276 tiarum
752 2241 799 2276 ad
826 2247 1045 2287 sequentes;
1072 2241 1159 2287 quia
1185 2241 1436 2278 conclusiones
1461 2241 1754 2288 praecedentium
1780 2252 1870 2288 sup-

593 2302 777 2343 ponuntur
795 2298 831 2333 in
852 2298 1184 2343 subsequentibus*
1204 2299 1424 2334 naturaliter.
1476 2298 1526 2334 Et
1548 2300 1632 2335 ideo
1652 2300 1871 2334 conveniens

592 2361 650 2392 est
666 2361 706 2391 ut
728 2356 799 2391 sint
820 2356 855 2391 in
879 2357 1181 2401 praecedentibus
1204 2358 1301 2392 bene
1323 2356 1500 2402 probatae
1523 2361 1561 2392 et
1583 2357 1812 2399 certificatae,
1828 2362 1871 2392 ut

595 2418 799 2449 mereantur
829 2415 945 2460 accipi
977 2415 1012 2449 in
1043 2424 1108 2449 usu
1137 2415 1372 2450 scientiarum
1406 2416 1636 2460 sequentium
1667 2416 1870 2450 secundum

593 2471 690 2517 quod
712 2482 761 2507 ex
786 2471 1045 2517 metaphysicis
1067 2477 1199 2517 patens
1222 2477 1290 2507 est.
1342 2471 1392 2508 Et
1414 2471 1498 2509 ideo
1520 2472 1696 2519 principia
1717 2471 1871 2508 Mos-alis

595 2528 852 2574 Philosophiae
883 2527 1154 2564 certificantur-⁰
1190 2530 1226 2563 in
1266 2529 1427 2564 scientiis
1466 2531 1792 2576 praecedentibus:
1832 2536 1872 2565 et

595 2592 744 2632 propter
768 2585 838 2622 hoc
863 2586 1000 2622 debent
1026 2586 1117 2622 haec
1141 2587 1320 2634 principia
1348 2587 1492 2624 extrahi
1518 2600 1566 2623 ex
1592 2588 1674 2622 aliis
1702 2588 1872 2631 scientiis,

593 2654 667 2680 non
684 2644 768 2690 quia
786 2650 871 2680 sunt
890 2643 1032 2680 illarum
1057 2646 1121 2681 sed
1138 2646 1227 2691 quia
1244 2657 1288 2680 ea
1310 2658 1396 2682 suae
1421 2645 1652 2682 dominatrici
1676 2656 1871 2692 praepara-

595 2706 732 2736 verunt.
784 2702 895 2737 Unde
919 2702 1123 2749 ubicunque
1145 2703 1374 2738 inveniantur
1394 2704 1607 2740 ascribenda
1625 2710 1709 2738 sunt
1734 2702 1868 2738 Murali

597 2758 863 2804 Philosophiae,
899 2761 1070 2805 quoniam
1113 2761 1314 2795 secundum
1359 2761 1601 2796 substantiam
1641 2771 1744 2796 suam
1780 2766 1869 2796 sunt

739 2846 748 2863 ¹
768 2852 797 2875 et
809 2847 877 2875 vitia
890 2857 946 2876 om.
963 2848 999 2875 M.
1431 2852 1443 2866 ¹
1461 2851 1602 2878 humanae
1614 2860 1671 2877 om.
1685 2849 1725 2877 Π.

737 2892 747 2908 ¹
765 2896 917 2923 caeterum,
932 2892 970 2919 M.
983 2901 990 2923 ;
1010 2893 1145 2926 similiter,
1161 2893 1196 2922 O.
1434 2893 1443 2911 ⁰
1461 2894 1629 2927 Quanquam
1644 2898 1683 2924 et.
1697 2893 1736 2920 M.

711 2945 717 2950 ·
738 2934 748 2950 ³
766 2936 958 2970 sequentibus,
974 2935 1012 2964 Μ.
1434 2936 1445 2953 “
1462 2937 1650 2971 verificantur,
1667 2936 1705 2964 M.
