2350 3580
606 702 670 728 100
850 694 1024 728 OPERIS
1049 694 1260 734 MAIORIS
1284 694 1414 728 PARS
1440 693 1631 736 QUINTA.

601 783 701 830 quod
726 783 805 820 aola
829 784 895 819 lux
919 783 999 829 eius
1023 783 1263 821 accidentalis
1284 783 1427 820 veniret
1452 784 1501 820 ad
1524 783 1671 820 oculum
1696 787 1735 820 et
1758 782 1887 820 nullm

602 840 726 877 radius
759 840 980 889 principalis,
1006 846 1044 878 et
1075 841 1163 878 ideo
1190 839 1319 878 stellae
1350 839 1523 878 videntur
1548 851 1614 888 per
1643 839 1765 878 radios
1792 851 1886 877 suos

601 898 831 946 principales,
850 903 886 935 et
905 910 978 935 non
993 898 1275 936 occultarentur.

416 959 477 988 The
489 959 576 998 milky
652 955 727 992 Sed
752 956 801 991 de
823 955 999 1002 galaxia¹
1018 957 1150 992 mirum
1176 961 1245 998 est,
1264 957 1365 1002 quod
1390 968 1464 992 non
1489 960 1614 1002 potest
1635 967 1816 1003 apparere
1843 955 1884 990 in

415 1004 484 1031 ''¹’'
600 1012 758 1060 sphaera
780 1012 939 1054 coelesti,
968 1024 1037 1049 nec
1061 1013 1099 1049 in
1125 1012 1285 1059 sphaera
1309 1013 1412 1056 aetia,
1434 1013 1502 1050 sed
1527 1013 1565 1050 in
1587 1012 1744 1060 sphaera
1770 1012 1883 1060 ignis.

601 1069 759 1107 Galaxia
786 1081 876 1108 vero
897 1081 970 1106 uno
994 1071 1107 1107 modo
1126 1074 1184 1107 est
1208 1070 1361 1107 circulus
1383 1071 1422 1107 in
1447 1070 1552 1107 coelo
1578 1070 1758 1113 coelestia.
1780 1080 1884 1117 quae

598 1126 716 1164 lactea
732 1128 791 1163 via
806 1133 966 1170 vocatur,
983 1128 1122 1164 habena
1142 1127 1280 1165 multas
1296 1128 1423 1164 stellas
1444 1129 1606 1164 minutas
1623 1132 1883 1175 congregatas,

598 1191 636 1221 et
652 1185 744 1221 haec
760 1197 846 1232 pars
859 1185 952 1221 ooeli
966 1185 1063 1228 facit,
1077 1183 1277 1222 secunduni
1291 1185 1534 1222 Aristotelem
1552 1185 1673 1232 primo
1689 1185 1884 1224 meteoro-

598 1242 810 1289 logicorum,
821 1243 1097 1289 impressionem
1110 1243 1334 1280 zuminosam
1352 1243 1565 1280 continuam
1582 1253 1880 1290 pei-coneursum

599 1301 688 1336 lucis
712 1300 841 1336 solaris
866 1312 950 1336 curn
981 1301 1121 1336 lucibus
1145 1301 1359 1346 hujusmodi
1388 1301 1575 1336 stenarum
1605 1310 1810 1348 parvarum,
1839 1304 1881 1335 et

598 1356 689 1394 haec
706 1359 895 1404 impressio
911 1364 1063 1394 vocatur
1079 1359 1248 1394 similiter
1268 1359 1427 1404 galaxia.
1482 1357 1593 1403 Unde
1615 1359 1883 1404 aequivocatur

599 1426 731 1451 nomen
750 1416 798 1451 ad
817 1426 963 1452 causam
988 1422 1025 1451 et
1052 1414 1250 1452 effectum:
1276 1422 1313 1452 et
1336 1422 1489 1462 apparet
1514 1416 1729 1452 continuum
1750 1413 1880 1451 lumen

597 1478 635 1507 et
652 1472 863 1520 oblongum,
880 1472 966 1508 licet
988 1472 1118 1509 stellae
1137 1474 1212 1509 sint
1234 1473 1439 1509 distinctae.
1490 1473 1565 1509 Sed
1589 1472 1765 1508 dfatantia
1788 1472 1880 1508 facit

599 1529 679 1572 hoc,
710 1531 806 1565 sicut
839 1531 869 1565 si
903 1532 983 1576 quis
1017 1542 1039 1566 a
1072 1530 1183 1576 longe
1216 1532 1398 1577 aspiceret
1432 1531 1543 1566 ollam
1576 1529 1800 1576 perforatam
1838 1530 1878 1565 in

597 1587 761 1633 partibus
777 1587 901 1624 multis
914 1588 1138 1634 propinquis,
1152 1588 1189 1623 in
1203 1599 1276 1634 qua
1287 1588 1381 1634 ignis
1391 1589 1656 1624 contineretur:
1678 1594 1878 1634 appareret

597 1645 695 1679 enirn
720 1645 752 1681 ei
779 1649 930 1691 propter
953 1645 1170 1681 distantiam
1199 1645 1292 1691 ignis
1325 1646 1518 1682 continuus
1545 1650 1696 1692 propter
1719 1645 1878 1692 propin·

597 1703 777 1747 quitatem
812 1702 1043 1745 foraminum,
1077 1713 1188 1748 quam
1232 1714 1305 1738 non
1339 1703 1559 1738 discerneret
1591 1703 1690 1737 visus
1723 1708 1878 1748 propter

595 1759 848 1795 remotionem.
902 1758 1010 1795 Hanc
1060 1764 1185 1796 tamen
1229 1760 1505 1806 impressionem
1556 1771 1629 1795 non
1670 1760 1878 1806 perciperet

597 1816 724 1852 oculus
741 1817 778 1852 in
795 1817 883 1852 orbe
901 1816 1059 1857 coelesti.
1072 1817 1157 1853 licet
1174 1817 1245 1854 hoc
1264 1816 1383 1853 lumen
1396 1821 1557 1854 transeat
1571 1828 1634 1863 per
1650 1827 1824 1860 eummec
1838 1817 1877 1854 in

597 1885 679 1909 aere
706 1874 790 1909 licet
816 1874 981 1909 similiter
1005 1879 1177 1910 transeat.
1232 1874 1306 1910 Sed
1333 1875 1367 1910 in
1394 1875 1478 1920 igne
1505 1874 1546 1910 fit
1571 1874 1759 1917 sensibilia,
1785 1875 1878 1929 qui-a

597 1931 692 1966 orbis
711 1931 878 1967 coelestis
895 1937 951 1967 est
968 1937 1043 1967 tam
1063 1931 1281 1968 excellentis
1299 1931 1522 1974 subtilitatis.
1538 1932 1636 1978 quod
1656 1944 1730 1968 non
1748 1938 1876 1978 potest

597 1987 662 2024 lux
681 1989 901 2034 incorporari
928 1989 961 2024 in
981 2000 1034 2030 eo.
1054 1994 1094 2024 ut
1112 1989 1161 2025 sit
1176 1989 1341 2025 visibilis.
1390 1989 1470 2025 Aer
1494 1994 1616 2026 autem
1643 1995 1698 2026 est
1725 1988 1876 2035 maJoris

595 2047 788 2081 densitatis
819 2057 929 2092 quam
965 2046 1022 2081 hic
1059 2047 1270 2091 requiratur.
1322 2045 1420 2082 Nam
1454 2048 1541 2094 quia
1578 2048 1647 2082 ista
1682 2047 1877 2094 impressio

597 2102 728 2138 debilis
752 2108 808 2138 est
842 2109 990 2150 propter
1014 2102 1245 2138 debilitatem
1283 2102 1417 2138 lucium
1449 2115 1643 2150 parvarum
1672 2103 1876 2147 stellarum,

596 2161 670 2196 cito
689 2166 811 2206 potest
830 2161 986 2206 opprimi
1004 2159 1072 2196 loci
1093 2160 1327 2204 obscuritate,
1345 2173 1413 2196 nee
1425 2161 1557 2197 sufficit
1574 2161 1621 2198 ad
1640 2162 1875 2208 purgandum

595 2218 688 2253 aeris
715 2218 886 2253 tenebras
908 2217 1094 2252 densioris.
1148 2217 1223 2253 Sed
1250 2219 1285 2253 in
1308 2229 1478 2264 suprema
1498 2225 1604 2266 parte
1628 2219 1723 2266 ignis
1745 2225 1875 2266 potest

595 2277 744 2322 galaxia
776 2277 868 2312 visui
903 2287 1090 2322 apparere,
1122 2277 1210 2321 quia
1243 2277 1525 2322 proportionalis
1558 2281 1614 2312 at
1647 2277 1875 2322 apparitioni

595 2340 746 2380 propter
767 2335 1055 2369 mediocritatem
1077 2333 1132 2368 sui
1152 2334 1245 2369 inter
1272 2334 1421 2369 nimiam
1445 2334 1685 2370 subtilitatem
1703 2335 1876 2371 coelestia

595 2391 785 2439 perspicui.
803 2397 840 2427 et
866 2391 960 2427 inter
986 2391 1162 2436 majorem
1190 2391 1410 2427 densitatem
1436 2391 1472 2427 in
1499 2402 1583 2428 aere
1607 2402 1718 2437 quarn
1745 2390 1872 2438 hujus-

595 2450 692 2484 modi
710 2448 919 2494 apparitio⁸
943 2449 1123 2494 requirat;
1150 2453 1189 2483 et
1214 2450 1296 2484 ideo
1323 2448 1356 2483 in
1380 2449 1463 2494 igne
1487 2454 1608 2495 potest
1625 2460 1810 2495 apparere,
1826 2454 1872 2487 ut

593 2507 812 2542 Aristoteles
830 2507 928 2547 dicit,
947 2505 1032 2541 licet
1052 2517 1181 2551 parum
1201 2507 1385 2551 exprinnat
1407 2507 1454 2541 de
1478 2517 1600 2541 causa.
1650 2506 1725 2542 Sed
1743 2507 1871 2543 lumen

593 2563 779 2600 stellarum
808 2563 959 2599 aliarum
981 2562 1139 2599 fixarum
1165 2563 1356 2609 majorum,
1374 2569 1410 2599 et
1434 2563 1598 2599 similiter
1624 2562 1871 2610 planetarum,

627 2654 636 2670 ¹
657 2654 755 2681 Baton
778 2654 868 2681 refers
888 2658 917 2680 to
937 2652 1099 2680 Aristotle'a
1121 2653 1305 2688 explanation
1330 2653 1361 2680 of
1379 2653 1427 2680 the
1447 2653 1534 2686 mitky
1553 2662 1622 2689 way
1643 2653 1870 2691 (Hmbgriu,

590 2698 637 2724 lib.
657 2698 672 2724 i.
688 2705 750 2732 cap.
764 2698 792 2731 Β)
812 2706 846 2724 as
863 2697 972 2731 though
992 2696 1012 2723 it
1026 2705 1104 2724 were
1121 2696 1165 2723 his
1183 2705 1260 2724 own.
1299 2696 1356 2723 But
1370 2696 1414 2723 his
1427 2704 1494 2724 own
1510 2697 1534 2724 is
1547 2697 1589 2724 sar
1601 2705 1704 2724 nearer
1715 2698 1764 2725 the
1779 2700 1870 2729 truth.

590 2740 728 2768 Aristode
745 2741 895 2766 attributes
912 2741 932 2766 it
950 2744 979 2766 to
998 2749 1014 2766 a
1028 2740 1211 2766 disturbnnce
1225 2743 1253 2766 at
1268 2740 1316 2766 the
1330 2739 1458 2766 confines
1472 2740 1504 2766 os
1518 2740 1570 2766 the
1581 2741 1686 2775 :phere
1703 2741 1736 2769 os
1748 2741 1795 2769 air
1809 2743 1870 2772 and

590 2784 623 2812 of
639 2784 690 2811 flre
704 2784 808 2811 caused
821 2784 859 2817 by
872 2783 922 2810 the
940 2783 1048 2810 motion
1063 2783 1094 2810 of
1110 2783 1160 2810 the
1179 2791 1265 2816 many
1279 2782 1354 2817 targ-
1370 2786 1445 2810 stan
1456 2782 1552 2811 which
1570 2793 1621 2811 are
1633 2783 1755 2812 situated
1771 2784 1801 2813 iu
1815 2785 1871 2815 the

590 2827 677 2862 milky
688 2835 764 2862 way.
805 2827 900 2854 Baton
919 2826 1023 2862 speaks
1043 2826 1076 2853 οί
1090 2826 1111 2853 it
1129 2834 1162 2853 aa
1183 2825 1290 2853 multas
1305 2825 1397 2853 suidas
1415 2826 1542 2853 ruricula-r
1558 2826 1629 2855 from
1644 2828 1740 2855 which
1759 2837 1778 2856 a
1797 2837 1870 2858 eon-

588 2872 704 2899 tinuous
717 2872 859 2897 luminous
872 2871 1040 2905 impreuion
1054 2871 1078 2896 ia
1092 2870 1241 2904 eonveyed
1254 2874 1283 2896 to
1299 2869 1347 2896 the
1361 2878 1424 2904 eye.

624 2914 635 2932 ¹
652 2914 826 2950 appericatio
839 2913 866 2946 J.
