<?xml version="1.0" encoding="UTF-8"?>
<!DOCTYPE html PUBLIC "-//W3C//DTD XHTML 1.0 Transitional//EN"
    "http://www.w3.org/TR/xhtml1/DTD/xhtml1-transitional.dtd">
<html xmlns="http://www.w3.org/1999/xhtml" xml:lang="en" lang="en">
 <head>
  <title>
</title>
<meta http-equiv="Content-Type" content="text/html;charset=utf-8" />
  <meta name='ocr-system' content='tesseract 3.04.00' />
  <meta name='ocr-capabilities' content='ocr_page ocr_carea ocr_par ocr_line ocrx_word'/>
</head>
<body>
  <div class='ocr_page' id='page_1' title='image "./opusmajusrogerb00bridgoog/opusmajusrogerb00bridgoog_0045.png"; bbox 0 0 2350 3580; ppageno 0'>
   <div class='ocr_carea' id='block_1_1' title="bbox 366 334 1514 586">
    <p class='ocr_par' dir='ltr' id='par_1_1' title="bbox 366 334 1514 586">
     <span class='ocr_line' id='line_1_1' title="bbox 366 334 1514 586; baseline 0 2994"><span class='ocrx_word' id='word_1_1' title='bbox 366 334 1514 586; x_wconf 95' lang='lat' dir='ltr'><strong> </strong></span> 
     </span>
    </p>
   </div>
   <div class='ocr_carea' id='block_1_2' title="bbox 370 339 1510 582">
    <p class='ocr_par' dir='ltr' id='par_1_2' title="bbox 370 339 1510 582">
     <span class='ocr_line' id='line_1_2' title="bbox 370 339 1510 582; baseline 0 0"><span class='ocrx_word' id='word_1_2' title='bbox 370 339 1510 582; x_wconf 91' lang='lat'>-</span> 
     </span>
    </p>
   </div>
   <div class='ocr_carea' id='block_1_3' title="bbox 656 760 1769 806">
    <p class='ocr_par' dir='ltr' id='par_1_3' title="bbox 656 760 1769 806">
     <span class='ocr_line' id='line_1_3' title="bbox 656 760 1769 806; baseline 0.004 -14"><span class='ocrx_word' id='word_1_3' title='bbox 656 760 1018 793; x_wconf 74' lang='lat' dir='ltr'><em>PERSPECTIVAE</em></span> <span class='ocrx_word' id='word_1_4' title='bbox 1042 760 1171 795; x_wconf 79' lang='lat' dir='ltr'><em>PARS</em></span> <span class='ocrx_word' id='word_1_5' title='bbox 1200 760 1376 795; x_wconf 66' lang='lat' dir='ltr'><em>PRIMA.-</em></span> <span class='ocrx_word' id='word_1_6' title='bbox 1413 761 1534 796; x_wconf 82' lang='lat' dir='ltr'><strong><em>DIST.</em></strong></span> <span class='ocrx_word' id='word_1_7' title='bbox 1567 761 1604 795; x_wconf 79' lang='lat' dir='ltr'><strong>V.</strong></span> <span class='ocrx_word' id='word_1_8' title='bbox 1724 769 1769 806; x_wconf 81' lang='grc'><strong>33</strong></span> 
     </span>
    </p>
   </div>
   <div class='ocr_carea' id='block_1_4' title="bbox 489 849 1773 1876">
    <p class='ocr_par' dir='ltr' id='par_1_4' title="bbox 489 849 1773 1876">
     <span class='ocr_line' id='line_1_4' title="bbox 494 849 1769 898; baseline 0.002 -14"><span class='ocrx_word' id='word_1_9' title='bbox 494 849 645 895; x_wconf 84' lang='lat' dir='ltr'><strong>quando</strong></span> <span class='ocrx_word' id='word_1_10' title='bbox 663 861 736 885; x_wconf 90' lang='lat' dir='ltr'><strong>non</strong></span> <span class='ocrx_word' id='word_1_11' title='bbox 751 851 903 886; x_wconf 82' lang='lat' dir='ltr'><strong>veniunt</strong></span> <span class='ocrx_word' id='word_1_12' title='bbox 919 851 1059 898; x_wconf 77' lang='lat' dir='ltr'><strong>species</strong></span> <span class='ocrx_word' id='word_1_13' title='bbox 1081 862 1103 886; x_wconf 86' lang='lat' dir='ltr'><strong>a</strong></span> <span class='ocrx_word' id='word_1_14' title='bbox 1126 850 1274 887; x_wconf 74' lang='lat' dir='ltr'><strong>duobus</strong></span> <span class='ocrx_word' id='word_1_15' title='bbox 1293 850 1410 887; x_wconf 83' lang='lat' dir='ltr'><strong>oculis</strong></span> <span class='ocrx_word' id='word_1_16' title='bbox 1434 851 1483 887; x_wconf 85' lang='lat' dir='ltr'><strong>ad</strong></span> <span class='ocrx_word' id='word_1_17' title='bbox 1508 862 1623 887; x_wconf 87' lang='lat' dir='ltr'><strong>unum</strong></span> <span class='ocrx_word' id='word_1_18' title='bbox 1646 849 1769 887; x_wconf 88' lang='lat' dir='ltr'><strong>locum</strong></span> 
     </span>
     <span class='ocr_line' id='line_1_5' title="bbox 495 906 1769 955; baseline 0.001 -14"><span class='ocrx_word' id='word_1_19' title='bbox 495 906 530 941; x_wconf 87' lang='lat' dir='ltr'><strong>in</strong></span> <span class='ocrx_word' id='word_1_20' title='bbox 549 917 661 942; x_wconf 83' lang='lat' dir='ltr'><strong>nervo</strong></span> <span class='ocrx_word' id='word_1_21' title='bbox 684 906 879 949; x_wconf 82' lang='lat' dir='ltr'><strong>communi,</strong></span> <span class='ocrx_word' id='word_1_22' title='bbox 897 907 1042 943; x_wconf 84' lang='lat' dir='ltr'><strong>videtur</strong></span> <span class='ocrx_word' id='word_1_23' title='bbox 1066 919 1139 943; x_wconf 84' lang='lat' dir='ltr'><strong>una</strong></span> <span class='ocrx_word' id='word_1_24' title='bbox 1161 919 1219 943; x_wconf 75' lang='lat' dir='ltr'><strong>res</strong></span> <span class='ocrx_word' id='word_1_25' title='bbox 1239 909 1344 943; x_wconf 84' lang='lat' dir='ltr'><strong>duae.</strong></span> <span class='ocrx_word' id='word_1_26' title='bbox 1395 907 1445 943; x_wconf 83' lang='lat' dir='ltr'><strong>Et</strong></span> <span class='ocrx_word' id='word_1_27' title='bbox 1463 907 1534 944; x_wconf 88' lang='lat' dir='ltr'><strong>hoc</strong></span> <span class='ocrx_word' id='word_1_28' title='bbox 1550 911 1663 955; x_wconf 77' lang='lat' dir='ltr'><strong>patet,</strong></span> <span class='ocrx_word' id='word_1_29' title='bbox 1683 908 1769 955; x_wconf 78' lang='lat' dir='ltr'><strong>quia</strong></span> 
     </span>
     <span class='ocr_line' id='line_1_6' title="bbox 495 963 1769 1012; baseline 0.001 -12"><span class='ocrx_word' id='word_1_30' title='bbox 495 964 586 1000; x_wconf 88' lang='lat' dir='ltr'><strong>situs</strong></span> <span class='ocrx_word' id='word_1_31' title='bbox 616 963 790 1000; x_wconf 79' lang='lat' dir='ltr'><strong>naturalis</strong></span> <span class='ocrx_word' id='word_1_32' title='bbox 821 964 1010 1001; x_wconf 88' lang='lat' dir='ltr'><strong>oculorum</strong></span> <span class='ocrx_word' id='word_1_33' title='bbox 1037 971 1212 1008; x_wconf 84' lang='lat' dir='ltr'><strong>mutatur,</strong></span> <span class='ocrx_word' id='word_1_34' title='bbox 1239 970 1281 1001; x_wconf 87' lang='lat' dir='ltr'><strong>ut</strong></span> <span class='ocrx_word' id='word_1_35' title='bbox 1310 965 1340 1000; x_wconf 88' lang='lat' dir='ltr'><strong>si</strong></span> <span class='ocrx_word' id='word_1_36' title='bbox 1375 970 1605 1012; x_wconf 81' lang='lat' dir='ltr'>supponatur</span> <span class='ocrx_word' id='word_1_37' title='bbox 1632 966 1769 1011; x_wconf 78' lang='lat' dir='ltr'><strong>digitus</strong></span> 
     </span>
     <span class='ocr_line' id='line_1_7' title="bbox 493 1021 1770 1070; baseline 0.001 -13"><span class='ocrx_word' id='word_1_38' title='bbox 493 1021 598 1057; x_wconf 82' lang='lat' dir='ltr'><strong>alteri</strong></span> <span class='ocrx_word' id='word_1_39' title='bbox 615 1021 724 1058; x_wconf 82' lang='lat' dir='ltr'><strong>oculo</strong></span> <span class='ocrx_word' id='word_1_40' title='bbox 741 1027 804 1058; x_wconf 85' lang='lat' dir='ltr'><strong>aut</strong></span> <span class='ocrx_word' id='word_1_41' title='bbox 821 1021 1032 1068; x_wconf 83' lang='lat' dir='ltr'><strong>obliquetur</strong></span> <span class='ocrx_word' id='word_1_42' title='bbox 1049 1022 1261 1068; x_wconf 72' lang='lat' dir='ltr'>aliqualiter</span> <span class='ocrx_word' id='word_1_43' title='bbox 1283 1033 1304 1058; x_wconf 86' lang='lat' dir='ltr'><strong>a</strong></span> <span class='ocrx_word' id='word_1_44' title='bbox 1327 1021 1410 1058; x_wconf 87' lang='lat' dir='ltr'><strong>loco</strong></span> <span class='ocrx_word' id='word_1_45' title='bbox 1430 1033 1507 1066; x_wconf 76' lang='lat' dir='ltr'><strong>suo,</strong></span> <span class='ocrx_word' id='word_1_46' title='bbox 1524 1029 1614 1059; x_wconf 85' lang='lat' dir='ltr'><strong>tunc</strong></span> <span class='ocrx_word' id='word_1_47' title='bbox 1629 1023 1770 1070; x_wconf 79' lang='lat' dir='ltr'><strong>species</strong></span> 
     </span>
     <span class='ocr_line' id='line_1_8' title="bbox 493 1079 1771 1125; baseline 0.002 -11"><span class='ocrx_word' id='word_1_48' title='bbox 493 1079 624 1114; x_wconf 83' lang='lat' dir='ltr'><strong>ambae</strong></span> <span class='ocrx_word' id='word_1_49' title='bbox 641 1091 713 1114; x_wconf 82' lang='lat' dir='ltr'><strong>non</strong></span> <span class='ocrx_word' id='word_1_50' title='bbox 730 1080 881 1116; x_wconf 85' lang='lat' dir='ltr'><strong>veniunt</strong></span> <span class='ocrx_word' id='word_1_51' title='bbox 899 1081 947 1115; x_wconf 83' lang='lat' dir='ltr'><strong>ad</strong></span> <span class='ocrx_word' id='word_1_52' title='bbox 966 1091 1079 1116; x_wconf 86' lang='lat' dir='ltr'><strong>unum</strong></span> <span class='ocrx_word' id='word_1_53' title='bbox 1097 1080 1219 1116; x_wconf 84' lang='lat' dir='ltr'><strong>locum</strong></span> <span class='ocrx_word' id='word_1_54' title='bbox 1241 1081 1276 1115; x_wconf 87' lang='lat' dir='ltr'><strong>in</strong></span> <span class='ocrx_word' id='word_1_55' title='bbox 1294 1091 1407 1117; x_wconf 71' lang='lat' dir='ltr'><strong>ner-vo</strong></span> <span class='ocrx_word' id='word_1_56' title='bbox 1420 1081 1617 1125; x_wconf 83' lang='lat' dir='ltr'><strong>communi,</strong></span> <span class='ocrx_word' id='word_1_57' title='bbox 1627 1086 1665 1117; x_wconf 87' lang='lat' dir='ltr'><strong>et</strong></span> <span class='ocrx_word' id='word_1_58' title='bbox 1682 1085 1771 1116; x_wconf 86' lang='lat' dir='ltr'><strong>tunc</strong></span> 
     </span>
     <span class='ocr_line' id='line_1_9' title="bbox 493 1137 1772 1184; baseline 0.002 -13"><span class='ocrx_word' id='word_1_59' title='bbox 493 1138 637 1172; x_wconf 88' lang='lat' dir='ltr'><strong>videtur</strong></span> <span class='ocrx_word' id='word_1_60' title='bbox 660 1149 732 1173; x_wconf 83' lang='lat' dir='ltr'><strong>una</strong></span> <span class='ocrx_word' id='word_1_61' title='bbox 760 1149 817 1173; x_wconf 80' lang='lat' dir='ltr'><strong>res</strong></span> <span class='ocrx_word' id='word_1_62' title='bbox 841 1138 959 1180; x_wconf 85' lang='lat' dir='ltr'><strong>duae;</strong></span> <span class='ocrx_word' id='word_1_63' title='bbox 984 1139 1077 1174; x_wconf 77' lang='lat' dir='ltr'><strong>sicut</strong></span> <span class='ocrx_word' id='word_1_64' title='bbox 1104 1138 1239 1173; x_wconf 87' lang='lat' dir='ltr'><strong>accidit</strong></span> <span class='ocrx_word' id='word_1_65' title='bbox 1263 1138 1312 1173; x_wconf 82' lang='lat' dir='ltr'><strong>de</strong></span> <span class='ocrx_word' id='word_1_66' title='bbox 1339 1137 1450 1182; x_wconf 73' lang='lat' dir='ltr'><strong>lusco,</strong></span> <span class='ocrx_word' id='word_1_67' title='bbox 1470 1139 1532 1184; x_wconf 86' lang='lat' dir='ltr'><strong>qui</strong></span> <span class='ocrx_word' id='word_1_68' title='bbox 1558 1149 1632 1174; x_wconf 83' lang='lat' dir='ltr'><strong>non</strong></span> <span class='ocrx_word' id='word_1_69' title='bbox 1657 1138 1772 1174; x_wconf 83' lang='lat' dir='ltr'><strong>habet</strong></span> 
     </span>
     <span class='ocr_line' id='line_1_10' title="bbox 493 1194 1771 1242; baseline 0.001 -12"><span class='ocrx_word' id='word_1_70' title='bbox 493 1194 605 1230; x_wconf 81' lang='lat' dir='ltr'><strong>situm</strong></span> <span class='ocrx_word' id='word_1_71' title='bbox 626 1194 852 1230; x_wconf 81' lang='lat' dir='ltr'>consimilem</span> <span class='ocrx_word' id='word_1_72' title='bbox 875 1194 1062 1231; x_wconf 83' lang='lat' dir='ltr'><strong>oculorum</strong></span> <span class='ocrx_word' id='word_1_73' title='bbox 1085 1202 1252 1242; x_wconf 82' lang='lat' dir='ltr'><strong>respectu</strong></span> <span class='ocrx_word' id='word_1_74' title='bbox 1275 1197 1376 1231; x_wconf 81' lang='lat' dir='ltr'><strong>nervi</strong></span> <span class='ocrx_word' id='word_1_75' title='bbox 1401 1197 1616 1239; x_wconf 78' lang='lat' dir='ltr'><strong>communis,</strong></span> <span class='ocrx_word' id='word_1_76' title='bbox 1632 1202 1668 1232; x_wconf 87' lang='lat' dir='ltr'><strong>et</strong></span> <span class='ocrx_word' id='word_1_77' title='bbox 1687 1196 1771 1231; x_wconf 89' lang='lat' dir='ltr'><strong>ideo</strong></span> 
     </span>
     <span class='ocr_line' id='line_1_11' title="bbox 493 1252 1772 1300; baseline 0.002 -14"><span class='ocrx_word' id='word_1_78' title='bbox 493 1263 639 1288; x_wconf 84' lang='lat' dir='ltr'><strong>suorum</strong></span> <span class='ocrx_word' id='word_1_79' title='bbox 670 1253 858 1289; x_wconf 82' lang='lat' dir='ltr'><strong>oculorum</strong></span> <span class='ocrx_word' id='word_1_80' title='bbox 893 1254 1045 1300; x_wconf 75' lang='lat' dir='ltr'><strong>species,</strong></span> <span class='ocrx_word' id='word_1_81' title='bbox 1067 1253 1133 1289; x_wconf 80' lang='lat' dir='ltr'><strong>nisi</strong></span> <span class='ocrx_word' id='word_1_82' title='bbox 1159 1253 1356 1300; x_wconf 80' lang='lat' dir='ltr'><strong>diligenter</strong></span> <span class='ocrx_word' id='word_1_83' title='bbox 1381 1259 1511 1290; x_wconf 76' lang='lat' dir='ltr'><strong>caveat</strong></span> <span class='ocrx_word' id='word_1_84' title='bbox 1534 1259 1570 1289; x_wconf 90' lang='lat' dir='ltr'><strong>ct</strong></span> <span class='ocrx_word' id='word_1_85' title='bbox 1595 1252 1772 1290; x_wconf 86' lang='lat' dir='ltr'><strong>rectificet</strong></span> 
     </span>
     <span class='ocr_line' id='line_1_12' title="bbox 493 1310 1773 1353; baseline 0.002 -9"><span class='ocrx_word' id='word_1_86' title='bbox 493 1310 605 1345; x_wconf 79' lang='lat' dir='ltr'><strong>situm</strong></span> <span class='ocrx_word' id='word_1_87' title='bbox 633 1321 768 1353; x_wconf 83' lang='lat' dir='ltr'><strong>eorum,</strong></span> <span class='ocrx_word' id='word_1_88' title='bbox 793 1311 940 1347; x_wconf 81' lang='lat' dir='ltr'><strong>venient</strong></span> <span class='ocrx_word' id='word_1_89' title='bbox 965 1312 1011 1346; x_wconf 90' lang='lat' dir='ltr'><strong>ad</strong></span> <span class='ocrx_word' id='word_1_90' title='bbox 1038 1311 1119 1347; x_wconf 86' lang='lat' dir='ltr'><strong>loca</strong></span> <span class='ocrx_word' id='word_1_91' title='bbox 1141 1311 1287 1346; x_wconf 83' lang='lat' dir='ltr'><strong>diversa</strong></span> <span class='ocrx_word' id='word_1_92' title='bbox 1313 1311 1349 1346; x_wconf 92' lang='lat' dir='ltr'><strong>in</strong></span> <span class='ocrx_word' id='word_1_93' title='bbox 1375 1322 1487 1347; x_wconf 79' lang='lat' dir='ltr'><strong>nervo</strong></span> <span class='ocrx_word' id='word_1_94' title='bbox 1512 1311 1709 1353; x_wconf 86' lang='lat' dir='ltr'><strong>communi,</strong></span> <span class='ocrx_word' id='word_1_95' title='bbox 1733 1315 1773 1346; x_wconf 81' lang='lat' dir='ltr'><strong>et</strong></span> 
     </span>
     <span class='ocr_line' id='line_1_13' title="bbox 494 1368 1770 1415; baseline 0 -12"><span class='ocrx_word' id='word_1_96' title='bbox 494 1368 579 1403; x_wconf 86' lang='lat' dir='ltr'><strong>ideo</strong></span> <span class='ocrx_word' id='word_1_97' title='bbox 608 1369 641 1403; x_wconf 85' lang='lat' dir='ltr'><strong>ei</strong></span> <span class='ocrx_word' id='word_1_98' title='bbox 670 1369 817 1414; x_wconf 79' lang='lat' dir='ltr'><strong>saepius</strong></span> <span class='ocrx_word' id='word_1_99' title='bbox 846 1374 1000 1415; x_wconf 84' lang='lat' dir='ltr'><strong>apparet</strong></span> <span class='ocrx_word' id='word_1_100' title='bbox 1032 1381 1145 1404; x_wconf 85' lang='lat' dir='ltr'><strong>unum</strong></span> <span class='ocrx_word' id='word_1_101' title='bbox 1181 1370 1265 1404; x_wconf 91' lang='lat' dir='ltr'><strong>duo.</strong></span> <span class='ocrx_word' id='word_1_102' title='bbox 1319 1369 1394 1405; x_wconf 88' lang='lat' dir='ltr'><strong>Sed</strong></span> <span class='ocrx_word' id='word_1_103' title='bbox 1430 1368 1643 1404; x_wconf 78' lang='lat' dir='ltr'><strong>naturaliter</strong></span> <span class='ocrx_word' id='word_1_104' title='bbox 1674 1368 1770 1405; x_wconf 87' lang='lat' dir='ltr'><strong>oculi</strong></span> 
     </span>
     <span class='ocr_line' id='line_1_14' title="bbox 493 1425 1772 1472; baseline 0.002 -12"><span class='ocrx_word' id='word_1_105' title='bbox 493 1425 588 1462; x_wconf 84' lang='lat' dir='ltr'><strong>bene</strong></span> <span class='ocrx_word' id='word_1_106' title='bbox 606 1426 800 1472; x_wconf 81' lang='lat' dir='ltr'><strong>compositi</strong></span> <span class='ocrx_word' id='word_1_107' title='bbox 820 1432 857 1462; x_wconf 89' lang='lat' dir='ltr'><strong>et</strong></span> <span class='ocrx_word' id='word_1_108' title='bbox 875 1427 952 1462; x_wconf 83' lang='lat' dir='ltr'><strong>sani</strong></span> <span class='ocrx_word' id='word_1_109' title='bbox 971 1426 1110 1463; x_wconf 80' lang='lat' dir='ltr'><strong>habent</strong></span> <span class='ocrx_word' id='word_1_110' title='bbox 1128 1427 1240 1463; x_wconf 81' lang='lat' dir='ltr'><strong>situm</strong></span> <span class='ocrx_word' id='word_1_111' title='bbox 1258 1425 1481 1462; x_wconf 79' lang='lat' dir='ltr'><strong>consimilem</strong></span> <span class='ocrx_word' id='word_1_112' title='bbox 1494 1431 1661 1472; x_wconf 80' lang='lat' dir='ltr'><strong>respectu</strong></span> <span class='ocrx_word' id='word_1_113' title='bbox 1672 1425 1772 1462; x_wconf 77' lang='lat' dir='ltr'><strong>nervi</strong></span> 
     </span>
     <span class='ocr_line' id='line_1_15' title="bbox 493 1483 1769 1530; baseline 0.001 -11"><span class='ocrx_word' id='word_1_114' title='bbox 493 1483 710 1526; x_wconf 81' lang='lat' dir='ltr'><strong>communis,</strong></span> <span class='ocrx_word' id='word_1_115' title='bbox 728 1489 765 1520; x_wconf 86' lang='lat' dir='ltr'><strong>et</strong></span> <span class='ocrx_word' id='word_1_116' title='bbox 781 1484 864 1520; x_wconf 87' lang='lat' dir='ltr'><strong>ideo</strong></span> <span class='ocrx_word' id='word_1_117' title='bbox 883 1485 1023 1530; x_wconf 79' lang='lat' dir='ltr'><strong>species</strong></span> <span class='ocrx_word' id='word_1_118' title='bbox 1048 1485 1143 1520; x_wconf 86' lang='lat' dir='ltr'><strong>duae</strong></span> <span class='ocrx_word' id='word_1_119' title='bbox 1159 1485 1311 1520; x_wconf 76' lang='lat' dir='ltr'><strong>veniunt</strong></span> <span class='ocrx_word' id='word_1_120' title='bbox 1334 1484 1381 1520; x_wconf 86' lang='lat' dir='ltr'><strong>ad</strong></span> <span class='ocrx_word' id='word_1_121' title='bbox 1404 1485 1561 1520; x_wconf 86' lang='lat' dir='ltr'><strong>eundem</strong></span> <span class='ocrx_word' id='word_1_122' title='bbox 1587 1483 1708 1520; x_wconf 87' lang='lat' dir='ltr'><strong>locum</strong></span> <span class='ocrx_word' id='word_1_123' title='bbox 1733 1483 1769 1519; x_wconf 87' lang='lat' dir='ltr'><strong>in</strong></span> 
     </span>
     <span class='ocr_line' id='line_1_16' title="bbox 493 1539 1771 1588; baseline 0.001 -13"><span class='ocrx_word' id='word_1_124' title='bbox 493 1552 539 1575; x_wconf 87' lang='lat' dir='ltr'><strong>eo</strong></span> <span class='ocrx_word' id='word_1_125' title='bbox 557 1546 593 1576; x_wconf 87' lang='lat' dir='ltr'><strong>et</strong></span> <span class='ocrx_word' id='word_1_126' title='bbox 613 1540 704 1575; x_wconf 82' lang='lat' dir='ltr'><strong>fiunt</strong></span> <span class='ocrx_word' id='word_1_127' title='bbox 723 1553 806 1582; x_wconf 77' lang='lat' dir='ltr'><strong>una,</strong></span> <span class='ocrx_word' id='word_1_128' title='bbox 824 1549 863 1576; x_wconf 84' lang='lat' dir='ltr'><strong>ut</strong></span> <span class='ocrx_word' id='word_1_129' title='bbox 881 1543 934 1577; x_wconf 79' lang='lat' dir='ltr'><strong>sic</strong></span> <span class='ocrx_word' id='word_1_130' title='bbox 952 1553 1017 1588; x_wconf 86' lang='lat' dir='ltr'><strong>per</strong></span> <span class='ocrx_word' id='word_1_131' title='bbox 1034 1553 1143 1578; x_wconf 86' lang='lat' dir='ltr'><strong>unam</strong></span> <span class='ocrx_word' id='word_1_132' title='bbox 1163 1543 1323 1587; x_wconf 82' lang='lat' dir='ltr'><strong>speciem</strong></span> <span class='ocrx_word' id='word_1_133' title='bbox 1343 1547 1381 1578; x_wconf 83' lang='lat' dir='ltr'><strong>et</strong></span> <span class='ocrx_word' id='word_1_134' title='bbox 1396 1553 1511 1577; x_wconf 87' lang='lat' dir='ltr'><strong>unum</strong></span> <span class='ocrx_word' id='word_1_135' title='bbox 1530 1542 1687 1577; x_wconf 77' lang='lat' dir='ltr'><strong>sentiens</strong></span> <span class='ocrx_word' id='word_1_136' title='bbox 1707 1539 1771 1576; x_wconf 77' lang='lat' dir='ltr'><strong>fiat</strong></span> 
     </span>
     <span class='ocr_line' id='line_1_17' title="bbox 489 1598 1772 1646; baseline 0.002 -14"><span class='ocrx_word' id='word_1_137' title='bbox 489 1598 668 1644; x_wconf 86' lang='lat' dir='ltr'><strong>judicium</strong></span> <span class='ocrx_word' id='word_1_138' title='bbox 688 1610 799 1634; x_wconf 85' lang='lat' dir='ltr'><strong>unum</strong></span> <span class='ocrx_word' id='word_1_139' title='bbox 819 1598 866 1634; x_wconf 85' lang='lat' dir='ltr'><strong>de</strong></span> <span class='ocrx_word' id='word_1_140' title='bbox 883 1611 921 1634; x_wconf 85' lang='lat' dir='ltr'><strong>re</strong></span> <span class='ocrx_word' id='word_1_141' title='bbox 939 1611 1020 1635; x_wconf 86' lang='lat' dir='ltr'><strong>una.</strong></span> <span class='ocrx_word' id='word_1_142' title='bbox 1072 1600 1123 1635; x_wconf 80' lang='lat' dir='ltr'><strong>Et</strong></span> <span class='ocrx_word' id='word_1_143' title='bbox 1137 1598 1366 1645; x_wconf 78' lang='lat' dir='ltr'><strong>experientia</strong></span> <span class='ocrx_word' id='word_1_144' title='bbox 1381 1600 1498 1639; x_wconf 83' lang='lat' dir='ltr'><strong>docet,</strong></span> <span class='ocrx_word' id='word_1_145' title='bbox 1512 1598 1613 1646; x_wconf 86' lang='lat' dir='ltr'><strong>quod</strong></span> <span class='ocrx_word' id='word_1_146' title='bbox 1623 1598 1772 1645; x_wconf 81' lang='lat' dir='ltr'><strong>quando</strong></span> 
     </span>
     <span class='ocr_line' id='line_1_18' title="bbox 493 1647 1772 1697; baseline 0.002 -8"><span class='ocrx_word' id='word_1_147' title='bbox 493 1655 650 1690; x_wconf 83' lang='lat' dir='ltr'><strong>laeditur</strong></span> <span class='ocrx_word' id='word_1_148' title='bbox 679 1647 810 1691; x_wconf 76' lang='lat' dir='ltr'><strong>nervus</strong></span> <span class='ocrx_word' id='word_1_149' title='bbox 837 1656 1057 1697; x_wconf 86' lang='lat' dir='ltr'><strong>communis,</strong></span> <span class='ocrx_word' id='word_1_150' title='bbox 1081 1656 1283 1692; x_wconf 81' lang='lat' dir='ltr'><strong>destruitur</strong></span> <span class='ocrx_word' id='word_1_151' title='bbox 1305 1657 1399 1692; x_wconf 78' lang='lat' dir='ltr'><strong>visio</strong></span> <span class='ocrx_word' id='word_1_152' title='bbox 1425 1656 1461 1692; x_wconf 90' lang='lat' dir='ltr'><strong>in</strong></span> <span class='ocrx_word' id='word_1_153' title='bbox 1487 1656 1613 1697; x_wconf 77' lang='lat' dir='ltr'><strong>oculis,</strong></span> <span class='ocrx_word' id='word_1_154' title='bbox 1634 1661 1672 1691; x_wconf 82' lang='lat' dir='ltr'><strong>et</strong></span> <span class='ocrx_word' id='word_1_155' title='bbox 1696 1666 1772 1691; x_wconf 88' lang='lat' dir='ltr'><strong>non</strong></span> 
     </span>
     <span class='ocr_line' id='line_1_19' title="bbox 493 1713 1773 1761; baseline 0.001 -14"><span class='ocrx_word' id='word_1_156' title='bbox 493 1713 692 1748; x_wconf 84' lang='lat' dir='ltr'><strong>destruitur</strong></span> <span class='ocrx_word' id='word_1_157' title='bbox 717 1713 831 1749; x_wconf 82' lang='lat' dir='ltr'><strong>virtus</strong></span> <span class='ocrx_word' id='word_1_158' title='bbox 858 1714 895 1749; x_wconf 83' lang='lat' dir='ltr'><strong>in</strong></span> <span class='ocrx_word' id='word_1_159' title='bbox 923 1725 1034 1750; x_wconf 83' lang='lat' dir='ltr'><strong>nervo</strong></span> <span class='ocrx_word' id='word_1_160' title='bbox 1059 1715 1256 1755; x_wconf 87' lang='lat' dir='ltr'><strong>communi,</strong></span> <span class='ocrx_word' id='word_1_161' title='bbox 1284 1718 1435 1761; x_wconf 86' lang='lat' dir='ltr'><strong>propter</strong></span> <span class='ocrx_word' id='word_1_162' title='bbox 1459 1713 1658 1750; x_wconf 75' lang='lat' dir='ltr'><strong>laesionem</strong></span> <span class='ocrx_word' id='word_1_163' title='bbox 1685 1725 1773 1749; x_wconf 86' lang='lat' dir='ltr'><strong>ocu-</strong></span> 
     </span>
     <span class='ocr_line' id='line_1_20' title="bbox 493 1769 1773 1818; baseline 0.001 -12"><span class='ocrx_word' id='word_1_164' title='bbox 493 1769 624 1806; x_wconf 84' lang='lat' dir='ltr'><strong>lorum.</strong></span> <span class='ocrx_word' id='word_1_165' title='bbox 675 1771 725 1806; x_wconf 82' lang='lat' dir='ltr'><strong>Et</strong></span> <span class='ocrx_word' id='word_1_166' title='bbox 743 1772 892 1818; x_wconf 85' lang='lat' dir='ltr'><strong>quando</strong></span> <span class='ocrx_word' id='word_1_167' title='bbox 910 1777 1059 1808; x_wconf 83' lang='lat' dir='ltr'><strong>curatur</strong></span> <span class='ocrx_word' id='word_1_168' title='bbox 1069 1783 1203 1807; x_wconf 77' lang='lat' dir='ltr'><strong>nervus</strong></span> <span class='ocrx_word' id='word_1_169' title='bbox 1216 1772 1486 1813; x_wconf 78' lang='lat' dir='ltr'><strong>communis,fit</strong></span> <span class='ocrx_word' id='word_1_170' title='bbox 1498 1772 1589 1808; x_wconf 70' lang='lat' dir='ltr'><strong>visio</strong></span> <span class='ocrx_word' id='word_1_171' title='bbox 1603 1772 1639 1807; x_wconf 89' lang='lat' dir='ltr'><strong>in</strong></span> <span class='ocrx_word' id='word_1_172' title='bbox 1658 1771 1773 1807; x_wconf 79' lang='lat' dir='ltr'><strong>oeulis</strong></span> 
     </span>
     <span class='ocr_line' id='line_1_21' title="bbox 492 1827 1773 1876; baseline 0.002 -13"><span class='ocrx_word' id='word_1_173' title='bbox 492 1827 601 1871; x_wconf 80' lang='lat' dir='ltr'><strong>sanis,</strong></span> <span class='ocrx_word' id='word_1_174' title='bbox 621 1833 659 1864; x_wconf 86' lang='lat' dir='ltr'><strong>et</strong></span> <span class='ocrx_word' id='word_1_175' title='bbox 684 1829 835 1874; x_wconf 79' lang='lat' dir='ltr'><strong>quando</strong></span> <span class='ocrx_word' id='word_1_176' title='bbox 859 1829 954 1865; x_wconf 82' lang='lat' dir='ltr'><strong>oculi</strong></span> <span class='ocrx_word' id='word_1_177' title='bbox 981 1835 1163 1872; x_wconf 80' lang='lat' dir='ltr'><strong>sanantur,</strong></span> <span class='ocrx_word' id='word_1_178' title='bbox 1183 1829 1316 1865; x_wconf 84' lang='lat' dir='ltr'><strong>iterum</strong></span> <span class='ocrx_word' id='word_1_179' title='bbox 1341 1829 1383 1865; x_wconf 83' lang='lat' dir='ltr'><strong>fit</strong></span> <span class='ocrx_word' id='word_1_180' title='bbox 1406 1829 1510 1871; x_wconf 70' lang='lat' dir='ltr'><strong>visio,</strong></span> <span class='ocrx_word' id='word_1_181' title='bbox 1527 1834 1678 1876; x_wconf 85' lang='lat' dir='ltr'><strong>propter</strong></span> <span class='ocrx_word' id='word_1_182' title='bbox 1701 1829 1773 1865; x_wconf 86' lang='lat' dir='ltr'><strong>hoc</strong></span> 
     </span>
    </p>
   </div>
   <div class='ocr_carea' id='block_1_5' title="bbox 493 1885 1772 1980">
    <p class='ocr_par' dir='ltr' id='par_1_5' title="bbox 493 1885 1772 1980">
     <span class='ocr_line' id='line_1_22' title="bbox 493 1885 1772 1931; baseline 0.002 -11"><span class='ocrx_word' id='word_1_183' title='bbox 493 1887 596 1931; x_wconf 87' lang='lat' dir='ltr'><strong>quod</strong></span> <span class='ocrx_word' id='word_1_184' title='bbox 612 1885 728 1922; x_wconf 79' lang='lat' dir='ltr'><strong>virtus</strong></span> <span class='ocrx_word' id='word_1_185' title='bbox 746 1887 782 1922; x_wconf 84' lang='lat' dir='ltr'><strong>iu</strong></span> <span class='ocrx_word' id='word_1_186' title='bbox 800 1897 910 1923; x_wconf 85' lang='lat' dir='ltr'><strong>nervo</strong></span> <span class='ocrx_word' id='word_1_187' title='bbox 928 1887 1112 1924; x_wconf 81' lang='lat' dir='ltr'><strong>communi</strong></span> <span class='ocrx_word' id='word_1_188' title='bbox 1138 1887 1205 1923; x_wconf 87' lang='lat' dir='ltr'><strong>suit</strong></span> <span class='ocrx_word' id='word_1_189' title='bbox 1225 1887 1337 1930; x_wconf 81' lang='lat' dir='ltr'><strong>salva,</strong></span> <span class='ocrx_word' id='word_1_190' title='bbox 1354 1893 1392 1924; x_wconf 89' lang='lat' dir='ltr'><strong>et</strong></span> <span class='ocrx_word' id='word_1_191' title='bbox 1414 1898 1487 1923; x_wconf 85' lang='lat' dir='ltr'><strong>non</strong></span> <span class='ocrx_word' id='word_1_192' title='bbox 1512 1886 1714 1924; x_wconf 79' lang='lat' dir='ltr'><strong>destruitur</strong></span> <span class='ocrx_word' id='word_1_193' title='bbox 1734 1886 1772 1923; x_wconf 83' lang='lat' dir='ltr'><strong>in</strong></span> 
     </span>
     <span class='ocr_line' id='line_1_23' title="bbox 494 1954 819 1980; baseline 0.003 -2"><span class='ocrx_word' id='word_1_194' title='bbox 494 1954 606 1979; x_wconf 85' lang='lat' dir='ltr'><strong>nervo</strong></span> <span class='ocrx_word' id='word_1_195' title='bbox 621 1955 819 1980; x_wconf 76' lang='lat' dir='ltr'><strong>communi.</strong></span> 
     </span>
    </p>
   </div>
   <div class='ocr_carea' id='block_1_6' title="bbox 963 2077 1314 2116">
    <p class='ocr_par' dir='ltr' id='par_1_6' title="bbox 963 2077 1314 2116">
     <span class='ocr_line' id='line_1_24' title="bbox 963 2077 1314 2116; baseline 0.003 -2"><span class='ocrx_word' id='word_1_196' title='bbox 963 2077 1215 2116; x_wconf 74' lang='lat' dir='ltr'>CAPITULUM</span> <span class='ocrx_word' id='word_1_197' title='bbox 1244 2079 1314 2115; x_wconf 87' lang='lat'>111.</span> 
     </span>
    </p>
   </div>
   <div class='ocr_carea' id='block_1_7' title="bbox 916 2182 1351 2220">
    <p class='ocr_par' dir='ltr' id='par_1_7' title="bbox 916 2182 1351 2220">
     <span class='ocr_line' id='line_1_25' title="bbox 916 2182 1351 2220; baseline 0 -2"><span class='ocrx_word' id='word_1_198' title='bbox 916 2182 974 2219; x_wconf 91' lang='lat' dir='ltr'><strong>De</strong></span> <span class='ocrx_word' id='word_1_199' title='bbox 1003 2182 1132 2219; x_wconf 88' lang='lat' dir='ltr'><strong>ultimo</strong></span> <span class='ocrx_word' id='word_1_200' title='bbox 1156 2183 1351 2220; x_wconf 80' lang='lat' dir='ltr'><strong>sentiente.</strong></span> 
     </span>
    </p>
   </div>
   <div class='ocr_carea' id='block_1_8' title="bbox 493 2292 1962 2972">
    <p class='ocr_par' dir='ltr' id='par_1_8' title="bbox 493 2292 1962 2972">
     <span class='ocr_line' id='line_1_26' title="bbox 545 2292 1954 2348; baseline 0.001 -19"><span class='ocrx_word' id='word_1_201' title='bbox 545 2292 730 2340; x_wconf 85' lang='lat' dir='ltr'><strong>Quoniam</strong></span> <span class='ocrx_word' id='word_1_202' title='bbox 761 2299 886 2330; x_wconf 83' lang='lat' dir='ltr'><strong>autem</strong></span> <span class='ocrx_word' id='word_1_203' title='bbox 914 2293 1081 2330; x_wconf 81' lang='lat' dir='ltr'><strong>Alhazen</strong></span> <span class='ocrx_word' id='word_1_204' title='bbox 1113 2294 1213 2337; x_wconf 79' lang='lat' dir='ltr'><strong>dicit,</strong></span> <span class='ocrx_word' id='word_1_205' title='bbox 1239 2293 1339 2340; x_wconf 86' lang='lat' dir='ltr'><strong>quod</strong></span> <span class='ocrx_word' id='word_1_206' title='bbox 1370 2294 1467 2330; x_wconf 79' lang='lat' dir='ltr'><strong>istud</strong></span> <span class='ocrx_word' id='word_1_207' title='bbox 1496 2293 1665 2330; x_wconf 84' lang='lat' dir='ltr'><strong>ultimum</strong></span> <span class='ocrx_word' id='word_1_208' title='bbox 1692 2302 1954 2348; x_wconf 52' lang='lat' dir='ltr'><strong>sen-Qmof</strong></span> 
     </span>
     <span class='ocr_line' id='line_1_27' title="bbox 493 2348 1925 2412; baseline -0.001 -24"><span class='ocrx_word' id='word_1_209' title='bbox 493 2351 588 2388; x_wconf 73' lang='lat' dir='ltr'><strong>tiens</strong></span> <span class='ocrx_word' id='word_1_210' title='bbox 609 2358 666 2388; x_wconf 81' lang='lat' dir='ltr'><strong>est</strong></span> <span class='ocrx_word' id='word_1_211' title='bbox 690 2352 726 2388; x_wconf 83' lang='lat' dir='ltr'><strong>in</strong></span> <span class='ocrx_word' id='word_1_212' title='bbox 750 2351 919 2388; x_wconf 79' lang='lat' dir='ltr'><strong>anteriori</strong></span> <span class='ocrx_word' id='word_1_213' title='bbox 943 2358 1049 2398; x_wconf 86' lang='lat' dir='ltr'><strong>parte</strong></span> <span class='ocrx_word' id='word_1_214' title='bbox 1072 2352 1223 2395; x_wconf 83' lang='lat' dir='ltr'><strong>cerebri,</strong></span> <span class='ocrx_word' id='word_1_215' title='bbox 1248 2352 1434 2388; x_wconf 84' lang='lat' dir='ltr'><strong>videretur</strong></span> <span class='ocrx_word' id='word_1_216' title='bbox 1463 2351 1512 2387; x_wconf 86' lang='lat' dir='ltr'><strong>sic</strong></span> <span class='ocrx_word' id='word_1_217' title='bbox 1536 2351 1654 2393; x_wconf 81' lang='lat' dir='ltr'><strong>alicui.</strong></span> <span class='ocrx_word' id='word_1_218' title='bbox 1672 2351 1772 2398; x_wconf 85' lang='lat' dir='ltr'><strong>quod</strong></span> <span class='ocrx_word' id='word_1_219' title='bbox 1787 2348 1925 2412; x_wconf 53' lang='lat' dir='ltr'><strong>ffiin</strong></span> 
     </span>
     <span class='ocr_line' id='line_1_28' title="bbox 493 2408 1906 2456; baseline 0 -12"><span class='ocrx_word' id='word_1_220' title='bbox 493 2415 590 2444; x_wconf 77' lang='lat' dir='ltr'><strong>esset</strong></span> <span class='ocrx_word' id='word_1_221' title='bbox 623 2420 750 2444; x_wconf 80' lang='lat' dir='ltr'><strong>sensus</strong></span> <span class='ocrx_word' id='word_1_222' title='bbox 788 2409 1003 2452; x_wconf 79' lang='lat' dir='ltr'><strong>communis,</strong></span> <span class='ocrx_word' id='word_1_223' title='bbox 1028 2416 1066 2445; x_wconf 86' lang='lat' dir='ltr'><strong>et</strong></span> <span class='ocrx_word' id='word_1_224' title='bbox 1101 2409 1327 2456; x_wconf 82' lang='lat' dir='ltr'><strong>imaginatio,</strong></span> <span class='ocrx_word' id='word_1_225' title='bbox 1354 2408 1412 2444; x_wconf 79' lang='lat' dir='ltr'><strong>vel</strong></span> <span class='ocrx_word' id='word_1_226' title='bbox 1447 2409 1653 2455; x_wconf 81' lang='lat' dir='ltr'><strong>phantasia,</strong></span> <span class='ocrx_word' id='word_1_227' title='bbox 1678 2419 1774 2455; x_wconf 81' lang='lat' dir='ltr'><strong>quae</strong></span> <span class='ocrx_word' id='word_1_228' title='bbox 1787 2414 1834 2441; x_wconf 77' lang='lat' dir='ltr'><strong>the</strong></span> <span class='ocrx_word' id='word_1_229' title='bbox 1845 2421 1906 2455; x_wconf 69' lang='lat' dir='ltr'><strong>eye,</strong></span> 
     </span>
     <span class='ocr_line' id='line_1_29' title="bbox 493 2450 1961 2522; baseline -0.001 -20"><span class='ocrx_word' id='word_1_230' title='bbox 493 2471 581 2502; x_wconf 78' lang='lat' dir='ltr'><strong>sunt</strong></span> <span class='ocrx_word' id='word_1_231' title='bbox 616 2467 652 2502; x_wconf 90' lang='lat' dir='ltr'><strong>in</strong></span> <span class='ocrx_word' id='word_1_232' title='bbox 690 2467 859 2502; x_wconf 84' lang='lat' dir='ltr'><strong>anteriori</strong></span> <span class='ocrx_word' id='word_1_233' title='bbox 897 2468 1057 2510; x_wconf 88' lang='lat' dir='ltr'><strong>cerebro,</strong></span> <span class='ocrx_word' id='word_1_234' title='bbox 1087 2473 1128 2502; x_wconf 88' lang='lat' dir='ltr'><strong>ut</strong></span> <span class='ocrx_word' id='word_1_235' title='bbox 1164 2468 1265 2513; x_wconf 82' lang='lat' dir='ltr'><strong>prius</strong></span> <span class='ocrx_word' id='word_1_236' title='bbox 1294 2467 1434 2503; x_wconf 84' lang='lat' dir='ltr'><strong>dictum</strong></span> <span class='ocrx_word' id='word_1_237' title='bbox 1463 2472 1541 2502; x_wconf 81' lang='lat' dir='ltr'><strong>est:</strong></span> <span class='ocrx_word' id='word_1_238' title='bbox 1577 2467 1774 2513; x_wconf 83' lang='lat' dir='ltr'><strong>praecipue</strong></span> <span class='ocrx_word' id='word_1_239' title='bbox 1789 2450 1961 2522; x_wconf 50' lang='lat' dir='ltr'><strong>&#39;ssffizfflm&#39;</strong></span> 
     </span>
     <span class='ocr_line' id='line_1_30' title="bbox 493 2521 1960 2585; baseline -0.001 -25"><span class='ocrx_word' id='word_1_240' title='bbox 493 2534 579 2560; x_wconf 86' lang='lat' dir='ltr'><strong>cum</strong></span> <span class='ocrx_word' id='word_1_241' title='bbox 605 2523 655 2559; x_wconf 91' lang='lat' dir='ltr'><strong>ibi</strong></span> <span class='ocrx_word' id='word_1_242' title='bbox 681 2524 820 2560; x_wconf 86' lang='lat' dir='ltr'><strong>dictum</strong></span> <span class='ocrx_word' id='word_1_243' title='bbox 843 2524 901 2568; x_wconf 78' lang='lat' dir='ltr'><strong>sit,</strong></span> <span class='ocrx_word' id='word_1_244' title='bbox 919 2525 1019 2571; x_wconf 85' lang='lat' dir='ltr'><strong>quod</strong></span> <span class='ocrx_word' id='word_1_245' title='bbox 1048 2537 1119 2560; x_wconf 86' lang='lat' dir='ltr'><strong>non</strong></span> <span class='ocrx_word' id='word_1_246' title='bbox 1148 2523 1354 2571; x_wconf 87' lang='lat' dir='ltr'><strong>completur</strong></span> <span class='ocrx_word' id='word_1_247' title='bbox 1372 2522 1552 2570; x_wconf 86' lang='lat' dir='ltr'><strong>judicium</strong></span> <span class='ocrx_word' id='word_1_248' title='bbox 1575 2524 1623 2559; x_wconf 87' lang='lat' dir='ltr'><strong>de</strong></span> <span class='ocrx_word' id='word_1_249' title='bbox 1649 2523 1774 2570; x_wconf 82' lang='lat' dir='ltr'><strong>aliquo</strong></span> <span class='ocrx_word' id='word_1_250' title='bbox 1788 2521 1960 2585; x_wconf 50' lang='lat' dir='ltr'><strong>ffieffffin</strong></span> 
     </span>
     <span class='ocr_line' id='line_1_31' title="bbox 494 2562 1935 2629; baseline -0.001 -13"><span class='ocrx_word' id='word_1_251' title='bbox 494 2581 652 2617; x_wconf 84' lang='lat' dir='ltr'><strong>sensibili</strong></span> <span class='ocrx_word' id='word_1_252' title='bbox 691 2586 890 2629; x_wconf 86' lang='lat' dir='ltr'><strong>antequam</strong></span> <span class='ocrx_word' id='word_1_253' title='bbox 926 2582 1050 2617; x_wconf 76' lang='lat' dir='ltr'><strong>veniat</strong></span> <span class='ocrx_word' id='word_1_254' title='bbox 1083 2582 1225 2629; x_wconf 80' lang='lat' dir='ltr'><strong>species</strong></span> <span class='ocrx_word' id='word_1_255' title='bbox 1262 2582 1308 2618; x_wconf 84' lang='lat' dir='ltr'><strong>ad</strong></span> <span class='ocrx_word' id='word_1_256' title='bbox 1345 2592 1493 2617; x_wconf 79' lang='lat' dir='ltr'><strong>sensum</strong></span> <span class='ocrx_word' id='word_1_257' title='bbox 1530 2562 1935 2622; x_wconf 52' lang='lat' dir='ltr'><strong>communem.wh2,{ffie</strong></span> 
     </span>
     <span class='ocr_line' id='line_1_32' title="bbox 496 2630 1962 2702; baseline 0 -28"><span class='ocrx_word' id='word_1_258' title='bbox 496 2638 571 2674; x_wconf 85' lang='lat' dir='ltr'><strong>Sed</strong></span> <span class='ocrx_word' id='word_1_259' title='bbox 597 2639 792 2675; x_wconf 88' lang='lat' dir='ltr'><strong>dicendum</strong></span> <span class='ocrx_word' id='word_1_260' title='bbox 823 2644 879 2674; x_wconf 77' lang='lat' dir='ltr'><strong>est</strong></span> <span class='ocrx_word' id='word_1_261' title='bbox 903 2640 1006 2685; x_wconf 85' lang='lat' dir='ltr'><strong>quod</strong></span> <span class='ocrx_word' id='word_1_262' title='bbox 1037 2639 1206 2675; x_wconf 84' lang='lat' dir='ltr'><strong>ultimum</strong></span> <span class='ocrx_word' id='word_1_263' title='bbox 1234 2639 1394 2674; x_wconf 79' lang='lat' dir='ltr'><strong>sentiens</strong></span> <span class='ocrx_word' id='word_1_264' title='bbox 1418 2643 1542 2685; x_wconf 84' lang='lat' dir='ltr'><strong>potest</strong></span> <span class='ocrx_word' id='word_1_265' title='bbox 1565 2650 1645 2674; x_wconf 76' lang='lat' dir='ltr'><strong>esse</strong></span> <span class='ocrx_word' id='word_1_266' title='bbox 1674 2640 1774 2684; x_wconf 81' lang='lat' dir='ltr'><strong>origo</strong></span> <span class='ocrx_word' id='word_1_267' title='bbox 1788 2630 1962 2702; x_wconf 50' lang='lat' dir='ltr'><strong>gffgiimnaee</strong></span> 
     </span>
     <span class='ocr_line' id='line_1_33' title="bbox 495 2696 1774 2743; baseline -0.001 -10"><span class='ocrx_word' id='word_1_268' title='bbox 495 2697 658 2733; x_wconf 84' lang='lat' dir='ltr'><strong>omnium</strong></span> <span class='ocrx_word' id='word_1_269' title='bbox 675 2708 859 2737; x_wconf 81' lang='lat' dir='ltr'><strong>sensuum,</strong></span> <span class='ocrx_word' id='word_1_270' title='bbox 877 2702 913 2732; x_wconf 87' lang='lat' dir='ltr'><strong>et</strong></span> <span class='ocrx_word' id='word_1_271' title='bbox 930 2696 981 2733; x_wconf 75' lang='lat' dir='ltr'><strong>sic</strong></span> <span class='ocrx_word' id='word_1_272' title='bbox 999 2709 1072 2733; x_wconf 88' lang='lat' dir='ltr'><strong>non</strong></span> <span class='ocrx_word' id='word_1_273' title='bbox 1090 2696 1252 2743; x_wconf 87' lang='lat' dir='ltr'><strong>loquitur</strong></span> <span class='ocrx_word' id='word_1_274' title='bbox 1274 2697 1331 2732; x_wconf 85' lang='lat' dir='ltr'><strong>hic</strong></span> <span class='ocrx_word' id='word_1_275' title='bbox 1352 2697 1400 2732; x_wconf 88' lang='lat' dir='ltr'><strong>de</strong></span> <span class='ocrx_word' id='word_1_276' title='bbox 1423 2696 1554 2732; x_wconf 87' lang='lat' dir='ltr'><strong>ultimo</strong></span> <span class='ocrx_word' id='word_1_277' title='bbox 1576 2697 1774 2732; x_wconf 79' lang='lat' dir='ltr'><strong>sentiente:</strong></span> 
     </span>
     <span class='ocr_line' id='line_1_34' title="bbox 494 2753 1776 2790; baseline -0.001 0"><span class='ocrx_word' id='word_1_278' title='bbox 494 2754 566 2790; x_wconf 83' lang='lat' dir='ltr'><strong>hoc</strong></span> <span class='ocrx_word' id='word_1_279' title='bbox 584 2754 679 2790; x_wconf 87' lang='lat' dir='ltr'><strong>enim</strong></span> <span class='ocrx_word' id='word_1_280' title='bbox 698 2759 752 2790; x_wconf 76' lang='lat' dir='ltr'><strong>est</strong></span> <span class='ocrx_word' id='word_1_281' title='bbox 768 2765 898 2790; x_wconf 75' lang='lat' dir='ltr'><strong>sensus</strong></span> <span class='ocrx_word' id='word_1_282' title='bbox 914 2755 1114 2790; x_wconf 84' lang='lat' dir='ltr'><strong>communis</strong></span> <span class='ocrx_word' id='word_1_283' title='bbox 1133 2755 1170 2790; x_wconf 87' lang='lat' dir='ltr'><strong>in</strong></span> <span class='ocrx_word' id='word_1_284' title='bbox 1189 2753 1359 2790; x_wconf 85' lang='lat' dir='ltr'><strong>anteriori</strong></span> <span class='ocrx_word' id='word_1_285' title='bbox 1383 2754 1530 2790; x_wconf 85' lang='lat' dir='ltr'><strong>cerebri.</strong></span> <span class='ocrx_word' id='word_1_286' title='bbox 1581 2753 1703 2790; x_wconf 83' lang='lat' dir='ltr'><strong>Aliter</strong></span> <span class='ocrx_word' id='word_1_287' title='bbox 1718 2759 1776 2790; x_wconf 59' lang='grc' dir='ltr'><strong>ωε</strong></span> 
     </span>
     <span class='ocr_line' id='line_1_35' title="bbox 495 2811 1776 2858; baseline 0 -12"><span class='ocrx_word' id='word_1_288' title='bbox 495 2811 665 2847; x_wconf 82' lang='lat' dir='ltr'><strong>ultimum</strong></span> <span class='ocrx_word' id='word_1_289' title='bbox 689 2812 852 2847; x_wconf 80' lang='lat' dir='ltr'><strong>sentiens</strong></span> <span class='ocrx_word' id='word_1_290' title='bbox 877 2811 1085 2858; x_wconf 78' lang='lat' dir='ltr'><strong>specialiter</strong></span> <span class='ocrx_word' id='word_1_291' title='bbox 1110 2813 1147 2846; x_wconf 87' lang='lat' dir='ltr'><strong>in</strong></span> <span class='ocrx_word' id='word_1_292' title='bbox 1168 2812 1259 2852; x_wconf 80' lang='lat' dir='ltr'><strong>visu,</strong></span> <span class='ocrx_word' id='word_1_293' title='bbox 1282 2811 1339 2847; x_wconf 82' lang='lat' dir='ltr'><strong>vel</strong></span> <span class='ocrx_word' id='word_1_294' title='bbox 1365 2811 1505 2853; x_wconf 79' lang='lat' dir='ltr'><strong>auditu¹</strong></span> <span class='ocrx_word' id='word_1_295' title='bbox 1526 2811 1585 2846; x_wconf 82' lang='lat' dir='ltr'><strong>vel</strong></span> <span class='ocrx_word' id='word_1_296' title='bbox 1609 2811 1776 2853; x_wconf 81' lang='lat' dir='ltr'><strong>odoratu,</strong></span> 
     </span>
     <span class='ocr_line' id='line_1_36' title="bbox 494 2867 1777 2916; baseline 0 -12"><span class='ocrx_word' id='word_1_297' title='bbox 494 2867 556 2905; x_wconf 88' lang='lat' dir='ltr'><strong>vel</strong></span> <span class='ocrx_word' id='word_1_298' title='bbox 586 2867 677 2912; x_wconf 84' lang='lat' dir='ltr'><strong>aliis,</strong></span> <span class='ocrx_word' id='word_1_299' title='bbox 701 2868 886 2915; x_wconf 88' lang='lat' dir='ltr'><strong>loquendo</strong></span> <span class='ocrx_word' id='word_1_300' title='bbox 912 2871 959 2904; x_wconf 87' lang='lat' dir='ltr'><strong>de</strong></span> <span class='ocrx_word' id='word_1_301' title='bbox 988 2881 1060 2904; x_wconf 85' lang='lat' dir='ltr'><strong>uno</strong></span> <span class='ocrx_word' id='word_1_302' title='bbox 1090 2880 1200 2905; x_wconf 79' lang='lat' dir='ltr'><strong>sensu</strong></span> <span class='ocrx_word' id='word_1_303' title='bbox 1226 2867 1443 2916; x_wconf 79' lang='lat' dir='ltr'><strong>particulari,</strong></span> <span class='ocrx_word' id='word_1_304' title='bbox 1467 2874 1506 2904; x_wconf 82' lang='lat' dir='ltr'><strong>et</strong></span> <span class='ocrx_word' id='word_1_305' title='bbox 1531 2868 1583 2903; x_wconf 83' lang='lat' dir='ltr'><strong>sic</strong></span> <span class='ocrx_word' id='word_1_306' title='bbox 1608 2867 1777 2904; x_wconf 83' lang='lat' dir='ltr'><strong>ultimum</strong></span> 
     </span>
     <span class='ocr_line' id='line_1_37' title="bbox 495 2926 1776 2972; baseline -0.001 -10"><span class='ocrx_word' id='word_1_307' title='bbox 495 2926 657 2962; x_wconf 81' lang='lat' dir='ltr'><strong>sentiens</strong></span> <span class='ocrx_word' id='word_1_308' title='bbox 684 2932 739 2963; x_wconf 79' lang='lat' dir='ltr'><strong>est</strong></span> <span class='ocrx_word' id='word_1_309' title='bbox 765 2938 895 2962; x_wconf 76' lang='lat' dir='ltr'><strong>nervus</strong></span> <span class='ocrx_word' id='word_1_310' title='bbox 919 2927 1121 2962; x_wconf 87' lang='lat' dir='ltr'><strong>communis</strong></span> <span class='ocrx_word' id='word_1_311' title='bbox 1147 2926 1183 2962; x_wconf 89' lang='lat' dir='ltr'><strong>in</strong></span> <span class='ocrx_word' id='word_1_312' title='bbox 1208 2926 1285 2962; x_wconf 78' lang='lat' dir='ltr'><strong>visu</strong></span> <span class='ocrx_word' id='word_1_313' title='bbox 1312 2932 1478 2972; x_wconf 80' lang='lat' dir='ltr'><strong>respectu</strong></span> <span class='ocrx_word' id='word_1_314' title='bbox 1505 2926 1663 2962; x_wconf 88' lang='lat' dir='ltr'><strong>duorum</strong></span> <span class='ocrx_word' id='word_1_315' title='bbox 1687 2937 1776 2962; x_wconf 85' lang='lat' dir='ltr'><strong>ocu-</strong></span> 
     </span>
    </p>
   </div>
   <div class='ocr_carea' id='block_1_9' title="bbox 495 2983 1777 3031">
    <p class='ocr_par' dir='ltr' id='par_1_9' title="bbox 495 2983 1777 3031">
     <span class='ocr_line' id='line_1_38' title="bbox 495 2983 1777 3031; baseline -0.002 -11"><span class='ocrx_word' id='word_1_316' title='bbox 495 2984 626 3026; x_wconf 79' lang='lat' dir='ltr'><strong>lorum,</strong></span> <span class='ocrx_word' id='word_1_317' title='bbox 644 2985 705 3031; x_wconf 90' lang='lat' dir='ltr'><strong>qui</strong></span> <span class='ocrx_word' id='word_1_318' title='bbox 722 2989 808 3020; x_wconf 84' lang='lat' dir='ltr'><strong>sunt</strong></span> <span class='ocrx_word' id='word_1_319' title='bbox 826 2984 1077 3027; x_wconf 76' lang='lat' dir='ltr'><strong>instrumenta,</strong></span> <span class='ocrx_word' id='word_1_320' title='bbox 1094 2995 1191 3031; x_wconf 84' lang='lat' dir='ltr'><strong>quae</strong></span> <span class='ocrx_word' id='word_1_321' title='bbox 1208 2985 1326 3031; x_wconf 83' lang='lat' dir='ltr'><strong>primo</strong></span> <span class='ocrx_word' id='word_1_322' title='bbox 1344 2984 1583 3019; x_wconf 85' lang='lat' dir='ltr'><strong>immutantur</strong></span> <span class='ocrx_word' id='word_1_323' title='bbox 1601 2995 1623 3018; x_wconf 88' lang='lat' dir='ltr'><strong>a</strong></span> <span class='ocrx_word' id='word_1_324' title='bbox 1638 2983 1777 3027; x_wconf 81' lang='lat' dir='ltr'><strong>visibili,</strong></span> 
     </span>
    </p>
   </div>
  </div>
 </body>
</html>
