2350 3580
433 975 533 1003 &The

433 1021 453 1038 u
461 1011 524 1040 lmle
536 1010 569 1039 οἶ

617 719 686 756 444
911 709 1283 745 MULTJPLJCATIO
1309 709 1589 744 SPECJERUM.

618 800 815 837 dicendum
841 807 908 846 eet,
932 800 1032 847 quod
1059 799 1137 846 jam
1168 799 1285 847 patuit
1315 799 1418 846 prius
1443 799 1550 846 quod
1570 799 1667 836 actio
1692 798 1806 836 totius
1832 804 1889 835 eet

618 858 783 907 indivisa.
799 858 889 894 dum
914 863 1034 904 partes
1060 863 1145 907 sunt
1161 859 1274 895 etiam
1292 857 1327 892 in
1351 863 1443 901 toto,
1463 857 1527 893 aed
1549 857 1582 892 si
1603 862 1725 893 totum
1745 856 1888 892 divide-

618 920 719 951 retur
735 920 771 951 et
789 916 931 961 patiens
948 915 1121 958 similiter.
1139 920 1423 961 consequeretur
1439 915 1530 951 haec.
1545 915 1679 961 regula.

668 972 811 1008 Deinde
835 979 953 1015 sexto.
973 985 1023 1010 an
1052 973 1230 1009 medietas
1259 972 1414 1008 alterata
1439 977 1561 1019 potest
1589 971 1765 1019 reliquaim
1795 971 1888 1008 alte-

434 1048 482 1074 flffi
493 1047 604 1084 postia„
618 1041 710 1067 rare.
763 1030 968 1068 Dicendum
992 1031 1093 1078 quod
1123 1042 1208 1074 non,
1232 1031 1321 1077 quia
1353 1034 1441 1066 tunc
1473 1041 1545 1066 non
1574 1036 1672 1067 esset
1703 1029 1889 1077 quantitas

433 1093 448 1110 n
453 1083 548 1112 ss'eeted

433 1119 558 1157 ennaea
568 1119 604 1155 ιη

618 1089 861 1124 determinata
888 1089 926 1124 in
954 1089 1205 1134 magnitudine
1230 1089 1276 1124 ad
1303 1088 1496 1129 actionem,
1523 1094 1561 1126 et
1598 1093 1685 1124 tunc
1710 1088 1889 1124 medietas

434 1157 481 1184 the
493 1160 593 1192 agent:
619 1146 827 1182 medietatis
852 1138 973 1193 prima
1001 1145 1223 1191 alteraretur,
1250 1151 1287 1182 et
1319 1146 1367 1182 sic
1399 1146 1434 1181 in
1463 1145 1656 1182 inlinitum.
1707 1145 1748 1182 si
1776 1145 1889 1192 igitur

433 1198 482 1220 not
493 1192 541 1220 the

433 1229 533 1257 second
545 1228 607 1257 hm
619 1203 821 1250 objiciatur,
841 1205 941 1250 quod
968 1204 1057 1240 dum
1083 1204 1261 1240 medietas
1284 1203 1381 1239 illius
1404 1203 1516 1250 partis
1543 1209 1707 1239 remanet
1734 1203 1771 1239 in
1796 1208 1889 1244 toto,

434 1265 529 1330 affl

433 2367 508 2393 fon·

430 2402 457 2430 cl
462 2401 548 2430 mion-

619 1266 765 1308 oportet
792 1262 892 1307 quod
926 1272 1039 1307 agens
1068 1261 1168 1296 illam
1196 1261 1433 1296 medietatem
1463 1261 1581 1307 primo
1612 1261 1745 1296 alteret
1775 1270 1887 1306 quam

619 1319 792 1354 alteretur
808 1319 977 1360 secunda,
994 1324 1032 1354 et
1050 1324 1248 1363 antequam
1267 1323 1386 1354 totum
1405 1316 1587 1360 alteretur,
1605 1329 1670 1365 per
1689 1318 1889 1354 secundam

619 1375 886 1411 conclusionem
920 1376 1065 1423 septimi
1103 1375 1354 1422 Physicorum,
1385 1388 1479 1423 quae
1518 1382 1585 1415 est.
1614 1375 1712 1422 quod
1746 1374 1889 1411 nulium

619 1433 756 1468 mobile
795 1434 913 1480 primo
947 1440 1123 1476 movetur,
1163 1434 1230 1470 sed
1262 1434 1385 1480 aliqua
1425 1445 1510 1481 pars
1545 1434 1634 1480 ejus,
1656 1434 1752 1479 quia
1785 1439 1890 1480 Parte

619 1491 828 1536 quiescente
851 1491 1006 1536 quiescit
1030 1496 1161 1533 totum,
1182 1496 1220 1526 et
1244 1491 1327 1526 ideo
1350 1502 1433 1536 pars
1461 1492 1577 1537 primo
1602 1498 1792 1533 movetur:
1824 1491 1889 1526 aed

619 1549 759 1593 species
788 1548 823 1583 in
852 1548 914 1583 illa
941 1549 1059 1594 prima
1089 1549 1290 1584 medietate
1321 1554 1376 1584 est
1405 1549 1589 1593 completa
1624 1547 1658 1584 iu
1692 1554 1776 1584 actu
1811 1558 1889 1591 auo,

619 1616 708 1651 ergo
735 1617 807 1641 non
835 1606 902 1641 etit
926 1606 1057 1648 otiosa,
1081 1616 1195 1651 quare
1220 1605 1390 1642 alterabit
1416 1606 1652 1642 medietatem
1678 1605 1890 1649 secundam,

619 1668 657 1698 et
687 1663 881 1708 praecipue
912 1674 997 1698 cum
1024 1664 1203 1699 medietas
1228 1663 1410 1698 sufficeret
1443 1665 1490 1698 ad
1527 1663 1618 1707 h0c;
1661 1675 1748 1710 ergo
1776 1674 1891 1709 agens

621 1721 821 1766 principale
844 1732 917 1756 non
943 1720 1114 1756 alterabit
1141 1721 1379 1756 medietatem
1403 1722 1612 1763 secundam,
1632 1726 1670 1756 et
1696 1721 1892 1767 praecipue

620 1788 704 1813 cum
746 1778 921 1814 medietas
959 1778 1077 1825 prima
1114 1784 1170 1814 est
1205 1779 1321 1824 magis
1354 1777 1547 1824 conjuncta
1576 1789 1659 1814 cum
1694 1778 1891 1814 medietate

620 1836 790 1878 secunda,
819 1846 930 1880 quam
963 1847 1077 1880 agens
1108 1835 1328 1883 principale;
1354 1836 1547 1871 dicendum
1581 1842 1647 1878 est,
1674 1836 1774 1880 quod
1805 1840 1891 1871 tunc

619 1893 748 1928 cadem
783 1899 839 1928 est
872 1893 1032 1938 objectio
1065 1894 1112 1928 de
1150 1893 1211 1928 illa
1251 1894 1450 1929 medietate
1486 1894 1612 1939 prima,
1652 1905 1737 1929 natn
1779 1893 1892 1929 habet

621 1951 868 1994 medietatem,
890 1951 939 1986 de
953 1961 1023 1996 qua
1043 1950 1174 1986 eodem
1200 1952 1313 1986 modo
1340 1956 1462 1997 potest
1486 1952 1598 1998 argui,
1616 1958 1653 1987 ct
1674 1950 1724 1986 sic
1740 1950 1894 1987 ulterius

621 2008 659 2043 in
681 2007 870 2049 infinitum,
886 2009 986 2054 quod
1008 2013 1063 2043 est
1083 2008 1332 2054 impossibile;
1363 2015 1401 2044 et
1423 2009 1474 2044 sic
1496 2015 1669 2054 sequetur
1689 2009 1792 2055 quod
1817 2019 1891 2045 non

619 2066 799 2111 contingit
824 2067 912 2100 dare
930 2066 1090 2111 aliquam
1110 2072 1254 2112 partem
1272 2067 1552 2102 determinatam
1577 2067 1614 2101 in
1638 2078 1750 2111 quarn
1776 2067 1892 2112 possit

620 2135 735 2170 agens
750 2122 901 2167 datum3
927 2122 1012 2169 quia
1030 2122 1216 2169 quaelibet
1239 2122 1352 2159 habet
1379 2125 1623 2168 medietatem,
1641 2135 1753 2169 quam
1774 2122 1891 2159 nolam

621 2180 857 2215 medietatem
880 2181 1034 2226 primam
1054 2180 1225 2216 alterabit
1241 2191 1354 2226 agens
1379 2180 1578 2227 principale
1603 2181 1806 2217 secundum
1826 2180 1894 2217 has

621 2238 806 2273 rationes.'
843 2238 895 2273 Et
926 2239 1008 2274 ideo
1034 2238 1103 2274 hae
1128 2238 1356 2284 objectiones
1382 2238 1505 2273 nullae
1530 2246 1625 2280 sunt,
1649 2250 1745 2285 quae
1769 2239 1894 2275 redar-

621 2301 739 2342 guunt
758 2297 879 2341 ipsum
899 2297 962 2341 qui
981 2307 1042 2331 eas
1061 2297 1243 2342 proponit.

671 2353 863 2389 Praeterea
892 2354 1108 2390 solvendum
1137 2359 1192 2390 est
1216 2353 1334 2395 aliter,
1356 2353 1525 2389 videlicet
1550 2354 1649 2399 quod
1674 2353 1757 2390 licet
1780 2364 1894 2400 agens

621 2411 719 2457 prius
730 2410 859 2447 alterat
872 2411 1108 2447 medietatem
1121 2411 1276 2458 primam
1288 2421 1399 2458 quam
1410 2411 1570 2447 secunda
1581 2411 1894 2453 alteretur,tamen

621 2469 721 2503 illam
746 2469 941 2504 secundam
968 2469 1138 2504 alterabit
1163 2480 1276 2514 agens
1301 2474 1339 2504 et
1363 2480 1436 2504 non
1463 2469 1641 2504 medietas
1665 2470 1792 2515 prima,
1807 2471 1894 2516 quia

620 2537 735 2572 agens
752 2532 873 2571 potest
892 2527 927 2561 in
943 2538 1023 2561 eam
1043 2531 1081 2561 et
1099 2527 1210 2562 habet
1234 2527 1407 2571 majorem
1426 2527 1601 2562 virtutem
1623 2538 1734 2573 quam
1758 2528 1894 2562 medie-

621 2589 679 2618 tas
708 2584 828 2629 prima
857 2583 934 2629 jam
961 2583 1124 2626 alterata,
1154 2590 1192 2619 et
1222 2584 1305 2619 ideo
1336 2584 1521 2630 potentius
1548 2590 1586 2620 et
1618 2584 1745 2620 melius
1772 2590 1895 2631 potest

622 2641 857 2675 medietatem
893 2641 1092 2675 secundam
1129 2641 1292 2684 alterare,
1325 2652 1436 2686 quam
1478 2642 1594 2686 prima
1636 2642 1824 2685 medietas,
1856 2647 1895 2677 et

621 2704 751 2733 natura
769 2697 853 2733 facit
870 2699 970 2743 quod
989 2698 1119 2733 melius
1145 2704 1203 2733 est
1228 2704 1266 2733 et
1289 2698 1492 2744 perfectius,
1510 2704 1661 2744 propter
1685 2700 1783 2745 quod
1809 2711 1894 2735 eon-

621 2754 719 2791 cedit
750 2755 937 2801 principali
968 2755 1101 2801 agenti,
1132 2762 1170 2791 ut
1201 2755 1327 2791 alteret
1355 2756 1552 2791 secundam
1583 2757 1829 2802 medietatem,
1856 2762 1896 2793 et

621 2813 779 2858 denegat
809 2813 880 2847 hoc
910 2814 1046 2858 primae
1074 2814 1274 2854 medietati„
1303 2814 1354 2848 ita
1383 2819 1423 2848 ut
1454 2824 1526 2848 non
1556 2814 1769 2849 terminetur
1798 2815 1895 2851 actio

624 2870 735 2914 ipsius
752 2871 892 2916 agentis
910 2871 1028 2905 donec
1045 2871 1229 2916 compleat
1243 2882 1345 2906 suam
1363 2873 1545 2906 actionem
1563 2883 1629 2918 per
1641 2872 1894 2907 alterationem

624 2927 810 2973 utriusque
846 2928 1062 2964 medietati&
1114 2928 1190 2965 Sed
1219 2928 1249 2964 si
1276 2928 1470 2975 objiciatur
1498 2928 1585 2965 illud
1616 2928 1827 2967 Aristotelis
1858 2931 1894 2966 in
