2350 3580
639 719 708 755 402
877 708 1050 742 OPERIS
1077 707 1291 747 MAJoms
1313 707 1440 740 PARS
1466 706 1687 740 SEPTIMA.

640 800 846 841 ascendere.
868 799 980 835 maria
997 799 1159 841 transire,
1176 809 1245 835 nee
1264 809 1380 841 arare,
1396 809 1463 835 nec
1478 802 1617 832 metere
1637 808 1703 844 pro
1719 796 1793 833 hoc
1809 807 1923 844 pane„

640 869 708 893 nec
724 857 848 892 vineas
872 868 939 903 pro
954 856 1027 892 hoe
1052 861 1141 902 potu
1164 856 1330 902 plantare
1350 867 1419 891 nec
1441 855 1592 893 calcare.
1607 855 1673 890 aed
1694 865 1778 890 cum
1800 854 1918 890 facili-

640 920 719 952 tate
730 915 841 951 verba
859 915 1019 960 quinque
1036 912 1208 960 proferre,
1225 919 1265 949 ut
1283 914 1330 949 sit
1346 912 1537 949 nobiscum
1557 911 1661 948 Deus
1676 918 1714 948 et
1732 910 1917 948 Dominus

640 978 766 1009 noster
792 972 855 1019 qui
886 977 942 1008 eet
968 967 1183 1007 benedictus
1214 970 1250 1006 in
1282 970 1436 1007 saecula.
1501 969 1654 1017 Propter
1682 969 1755 1006 hoc
1782 969 1918 1006 dicitur

641 1029 952 1066 Deuteronomiae
973 1040 1069 1071 xxx,
1087 1028 1309 1063 Mandatum
1335 1028 1405 1063 hoc
1427 1028 1527 1074 quod
1552 1039 1623 1073 ego
1645 1027 1833 1074 praecipio
1847 1027 1916 1063 tibi

640 1099 712 1123 non
735 1099 843 1134 supra
866 1091 902 1122 te
921 1092 988 1130 est,
1012 1098 1079 1122 nec
1105 1085 1232 1132 procul
1258 1086 1430 1131 positum,
1450 1097 1516 1121 nec
1543 1086 1580 1121 in
1603 1083 1709 1121 coelo
1733 1085 1860 1129 situm,
1875 1091 1917 1120 ut

640 1144 759 1191 possis
792 1144 921 1187 dicere,
951 1142 1043 1189 Quis
1072 1150 1239 1179 nostrum
1266 1143 1313 1179 ad
1346 1142 1489 1178 coelum
1521 1141 1618 1178 valet
1647 1143 1848 1179 ascendere
1876 1148 1917 1178 ut

640 1202 782 1238 deserat
803 1202 892 1238 iilud
917 1201 964 1237 ad
989 1212 1067 1244 nos,
1089 1206 1125 1237 et
1151 1201 1345 1237 audiamus
1370 1205 1481 1246 atque
1504 1211 1616 1246 opere
1636 1200 1916 1246 compleamus?

639 1271 708 1295 nec
732 1266 832 1295 trans
857 1270 957 1294 mare
981 1259 1141 1304 positum
1170 1264 1211 1294 ut
1234 1258 1394 1294 causeris
1414 1263 1453 1293 et
1476 1258 1587 1300 dicas,
1613 1258 1707 1303 Quis
1732 1270 1781 1293 ex
1811 1258 1916 1293 nobis

639 1316 792 1353 transire
818 1317 950 1362 poterit
977 1328 1077 1351 mare
1103 1321 1140 1352 et
1168 1315 1265 1352 istud
1292 1327 1407 1362 usque
1432 1315 1478 1351 ad
1505 1328 1574 1351 nos
1600 1315 1749 1359 deferre,
1765 1321 1807 1351 ut
1833 1327 1915 1362 pos·

639 1375 752 1410 simus
777 1374 902 1410 audire
928 1380 964 1410 et
991 1374 1108 1409 faeere
1130 1373 1230 1420 quod
1257 1380 1494 1420 praeceptum
1514 1375 1598 1408 est?
1647 1372 1723 1408 Sed
1745 1372 1858 1420 juxta
1878 1378 1915 1409 te

639 1439 697 1468 est
719 1430 828 1467 valde
852 1442 974 1466 sermo
1004 1431 1040 1466 in
1068 1443 1130 1466 ore
1158 1435 1224 1466 tuo
1254 1436 1292 1466 et
1316 1431 1352 1466 in
1382 1431 1492 1466 eorde
1521 1435 1596 1466 tuo.
1646 1430 1734 1466 Non
1767 1436 1915 1476 oportet

639 1501 739 1536 ergo,
759 1495 801 1525 ut
819 1490 931 1525 vitam
954 1494 1139 1524 aeternam
1158 1487 1370 1533 habeamus,
1386 1489 1454 1524 nisi
1478 1489 1589 1524 corde
1608 1488 1766 1533 credere,
1783 1493 1824 1524 et
1838 1500 1915 1524 ser-

641 1558 788 1583 monem
814 1547 974 1592 proserre
999 1547 1148 1582 brevem
1172 1551 1210 1582 et
1235 1557 1390 1582 numero
1412 1547 1574 1592 quinario
1589 1546 1786 1582 verborum
1813 1538 1915 1583 coar—

639 1611 770 1641 tatum.
823 1604 920 1641 Nam
937 1604 997 1638 hic
1016 1615 1188 1639 numerus
1203 1604 1239 1638 in
1257 1615 1376 1638 rerum
1392 1605 1570 1639 variarum
1589 1604 1915 1650 comprehensione

639 1663 812 1698 distincta
834 1667 889 1697 eet
914 1661 1042 1697 melior
1065 1662 1236 1703 omnibus
1259 1661 1426 1705 numeris,
1452 1663 1652 1697 secundum
1672 1661 1911 1698 Aristotelem

639 1721 732 1756 libro
750 1721 992 1756 secretorum.

454 1781 613 1824 'statne'
689 1778 832 1814 Deinde
859 1777 958 1823 quod
988 1788 1010 1812 a
1039 1783 1163 1813 nostro
1194 1788 1301 1813 sensu
1334 1776 1538 1814 occultatur
1565 1778 1701 1814 accidit
1732 1779 1840 1814 nobis
1866 1789 1912 1813 ex

453 1816 625 1888 ssssffli’ff
639 1835 719 1880 ejus
735 1847 757 1870 a
775 1836 879 1871 nobis
897 1834 1341 1880 incomprehensibilitate.
1385 1835 1482 1870 Nam
1501 1837 1679 1872 sustinere
1696 1835 1914 1872 sensibiliter

455 1888 554 1951 lpidam
640 1885 869 1938 majestatem
897 1904 968 1928 non
994 1900 1199 1937 possemus,
1225 1894 1290 1928 sed
1319 1892 1558 1929 deficeremus
1586 1894 1732 1938 penitus
1763 1898 1914 1939 propter

466 1932 524 1956 rom
538 1934 622 1953 χωρ’
640 1950 877 1987 reverentiam
903 1957 941 1986 et
966 1950 1201 1986 devotionem
1225 1956 1260 1986 et
1283 1951 1587 1987 admirationem:
1618 1953 1712 1987 sicut
1737 1951 1911 1998 Apostoli

639 2015 722 2055 post
741 2008 1038 2044 resurrectionem
1057 2019 1129 2044 non
1147 2014 1345 2054 potuerunt
1361 2008 1538 2044 sustinere
1558 2009 1789 2045 Dominio-zm
1810 2020 1911 2055 prae-

638 2067 795 2101 sentiam
816 2066 1037 2101 sensibilem.
1088 2066 1165 2100 Nec
1185 2067 1296 2101 etiam
1314 2056 1445 2102 beafus
1465 2067 1665 2111 Dionysius
1684 2066 1911 2114 Areopagita

639 2125 759 2170 potuit
777 2123 934 2169 perferre
951 2125 1194 2170 praesentiam
1214 2122 1376 2169 Virginis
1395 2125 1534 2160 Mariae
1556 2129 1638 2170 post
1663 2126 1911 2160 ascensionem

639 2181 803 2217 Domini.
855 2180 974 2216 Immo
992 2192 1074 2216 cum
1097 2181 1143 2217 de
1161 2180 1315 2230 Graecia
1339 2182 1373 2216 in
1394 2187 1527 2217 terram
1552 2187 1716 2217 sanctam
1740 2183 1912 2218 transiret

639 2245 681 2274 ut
710 2245 863 2274 matrem
898 2238 1048 2273 Domini
1074 2238 1225 2280 videret,
1252 2239 1454 2285 ingrediens
1487 2238 1607 2274 locum
1641 2239 1702 2274 ubi
1732 2240 1843 2276 beata
1876 2247 1914 2276 et

639 2296 797 2342 gloriosa
821 2297 923 2343 virgo
957 2297 1086 2338 oravit,
1120 2297 1251 2332 cecidit
1285 2302 1461 2342 tanquam
1496 2305 1672 2341 mortuus,
1701 2298 1911 2333 exclamans

637 2355 739 2400 quod
764 2355 986 2395 educeretur,
1003 2353 1117 2389 libere
1141 2353 1319 2390 confitens
1343 2355 1443 2400 quod
1471 2353 1592 2389 nullus
1618 2354 1736 2390 fidelis
1760 2356 1911 2391 deberet

637 2412 761 2462 videre
786 2412 981 2458 gloriosam
1003 2411 1192 2458 Virginem
1225 2418 1374 2458 propter
1400 2411 1476 2456 eius
1505 2414 1756 2448 reverentiam.
1809 2413 1911 2460 Ergo

638 2470 746 2516 longe
764 2470 881 2514 magis
899 2469 1019 2504 nullus
1043 2475 1168 2514 posset
1190 2470 1370 2504 sustinere
1394 2470 1636 2514 praesentiam
1658 2470 1806 2506 Domini
1829 2483 1910 2507 sen-

636 2527 801 2569 sib'ilem;
835 2533 872 2562 et
899 2527 968 2562 hoc
994 2528 1194 2573 probamus
1223 2539 1285 2572 per
1313 2528 1587 2572 experientiam.
1640 2528 1736 2563 Nam
1769 2528 1819 2563 illi
1848 2529 1909 2574 qui

636 2586 843 2626 exercitant
860 2595 899 2620 se
925 2584 961 2620 in
986 2584 1059 2620 fide
1081 2591 1117 2620 et
1139 2596 1264 2620 amore
1288 2585 1387 2619 istius
1407 2584 1634 2621 Sacramenti
1658 2598 1729 2621 non
1757 2593 1910 2632 possunt

636 2643 812 2678 sustinere
829 2642 1061 2678 devotionern
1078 2653 1171 2686 quae
1192 2653 1240 2677 ex
1261 2638 1349 2688 pura
1367 2642 1439 2678 fide
1456 2644 1624 2686 nascitur,
1642 2644 1729 2689 quin
1748 2643 1909 2680 defluant

636 2701 670 2735 in
686 2700 879 2745 lacrymas,
899 2706 936 2735 et
953 2700 1145 2735 dulcedine
1161 2700 1367 2735 devotionis
1394 2701 1554 2736 totaliter
1571 2701 1746 2747 liquescat
1765 2702 1909 2737 animus

636 2751 746 2804 super
761 2769 801 2793 se
817 2757 988 2798 elevatus.
1008 2758 1168 2792 nesciens
1188 2757 1248 2792 ubi
1265 2758 1311 2793 sit
1330 2769 1394 2792 nec
1414 2760 1618 2805 dequibus.
1669 2759 1909 2806 Quapropter

636 2815 843 2851 sensibilem
877 2815 1121 2861 praesentiam
1150 2815 1376 2860 impossibile
1405 2822 1501 2852 esset
1531 2816 1669 2852 homini
1701 2816 1798 2852 fideli
1829 2830 1909 2853 sus-

635 2874 759 2915 tinere,
777 2879 812 2907 et
840 2873 921 2907 ideo
943 2883 1088 2907 summa
1114 2873 1276 2908 bonitate
1299 2874 1490 2908 nobiscum
1514 2874 1765 2920 dispensatum
1788 2882 1844 2911 est
1868 2882 1907 2910 ut

634 2932 837 2966 occultetur
852 2942 876 2965 a
893 2931 999 2965 nobis
1017 2931 1108 2966 visio
1125 2931 1316 2965 sensibilis.
