2350 3580
606 679 652 714 60
857 683 1030 717 OPERIS
1053 683 1263 724 MAJoRls
1290 684 1416 717 PARS
1443 683 1630 725 QUINTA.

607 770 710 815 coeli,
726 776 766 808 et
779 771 808 808 d
828 784 848 808 o
863 778 994 819 quarta
1010 772 1173 820 glacialis
1194 779 1280 810 eunt
1295 774 1443 817 simii-n,
1458 778 1496 809 et
1503 772 1703 810 habebunt
1720 771 1888 809 eundem

608 828 781 882 angulum
800 835 952 875 rectum,
963 830 1101 867 scilicet
1117 843 1138 866 ο
1153 830 1178 867 h
1195 831 1225 867 d
1232 845 1241 872 ς
1265 832 1330 868 sed
1349 831 1440 867 illud
1456 843 1530 867 non
1545 830 1657 867 habet
1672 841 1693 866 e
1703 841 1735 877 g
1749 835 1889 877 quana

609 897 732 929 uveae,
751 887 926 932 quoniam
952 879 1099 936 respicit
1122 889 1299 935 angulum
1323 901 1356 936 g
1379 888 1403 925 k
1426 901 1455 932 e,
1478 889 1541 936 qui
1567 894 1625 924 est
1648 899 1735 935 pars
1758 885 1888 935 anguli

609 943 698 980 recti
713 957 735 980 o
749 943 775 979 l:
789 944 826 986 d,
842 946 906 980 sed
933 952 990 982 est
1017 946 1134 992 major
1158 948 1279 992 portio
1301 958 1412 992 quam
1436 948 1485 983 sit
1510 946 1572 982 illa
1588 950 1720 992 quarta
1740 944 1887 982 scilicet

610 1875 672 1920 ef,
697 1879 733 1911 et
760 1875 843 1911 ideo
870 1875 965 1912 latus
983 1874 1170 1921 quadrati,
1196 1874 1425 1910 describendi
1454 1874 1487 1909 in
1515 1879 1645 1920 quarta
1670 1886 1787 1911 uveae
1812 1886 1887 1912 non

613 1938 732 1978 potest
750 1934 930 1980 respicere
946 1931 1119 1978 angulum
1134 1938 1274 1968 rectum
1288 1932 1490 1977 pyramidis
1507 1938 1543 1967 et
1560 1933 1733 1979 glacialis,
1747 1939 1785 1969 et
1803 1933 1889 1969 ideo

613 2000 679 2035 per
695 1989 783 2025 illud
803 1991 897 2026 latus
914 2003 986 2026 non
1008 1995 1130 2036 potest
1148 1989 1318 2026 concludi
1336 1989 1492 2035 angulus
1510 1990 1722 2036 pyramidis.
1773 1989 1887 2037 Quod

613 2047 641 2081 si
666 2047 914 2090 concludatur,
932 2049 1001 2084 erit
1026 2054 1163 2089 acutus,
1188 2058 1262 2082 non
1282 2052 1412 2090 recturi,
1429 2052 1467 2082 ut
1494 2052 1596 2094 patet
1618 2049 1665 2082 ad
1683 2059 1833 2084 sensum
1850 2048 1888 2085 in

611 2104 746 2150 angulo
761 2117 795 2150 g
815 2105 839 2140 k
859 2117 887 2148 e,
908 2106 1083 2151 quoniam
1108 2110 1163 2140 est
1188 2116 1272 2151 pars
1294 2105 1381 2139 recti
1407 2104 1530 2150 anguli
1544 2105 1617 2150 fh
1638 2105 1673 2148 d,
1696 2110 1734 2141 et
1759 2117 1779 2140 ο
1800 2105 1827 2141 k
1849 2105 1888 2147 d,

609 2162 708 2208 quod
728 2162 823 2198 idem
842 2169 908 2198 est.
946 2162 1021 2199 Sed
1039 2162 1165 2198 meiius
1185 2168 1281 2197 esset
1299 2162 1427 2202 dicere.
1441 2162 1538 2208 quod
1558 2163 1681 2210 portio
1698 2162 1889 2198 anterioris

610 2218 770 2265 glaciaii's
788 2226 844 2255 est
861 2226 992 2267 quarta
1009 2221 1208 2266 sphaerae;
1231 2230 1316 2255 nam
1334 2220 1385 2254 sic
1403 2219 1558 2265 angulus
1572 2220 1774 2267 pyramidis
1789 2225 1888 2256 esset

613 2282 744 2320 rectus,
760 2278 846 2323 quia
861 2284 943 2313 tota
960 2278 1079 2324 portio
1097 2278 1168 2319 illa,
1185 2282 1470 2322 quantacunque
1483 2278 1539 2318 sit,
1554 2283 1609 2313 est
1626 2283 1805 2324 occupata
1823 2289 1890 2324 per

613 2335 786 2380 angulum
814 2336 1026 2381 pyramidis,
1045 2336 1130 2381 quia
1157 2339 1236 2370 tota
1261 2339 1316 2370 est
1354 2334 1636 2370 instrumentum
1663 2336 1822 2376 videndi,
1848 2341 1888 2371 et

614 2402 688 2427 non
706 2391 783 2427 sola
801 2403 886 2438 pars
903 2392 1037 2438 aliqua.
1089 2393 1139 2428 Et
1165 2398 1252 2428 tunc
1276 2392 1372 2428 latus
1399 2393 1567 2438 quadrati
1594 2393 1824 2429 describendi
1847 2393 1885 2429 in

612 2448 757 2495 glaciali
781 2450 1012 2485 subtenditur
1037 2450 1172 2496 angulo
1208 2455 1308 2484 recto
1336 2450 1558 2496 pyramidis3
1594 2455 1632 2486 et
1658 2450 1825 2487 similiter
1849 2451 1887 2487 in

614 2507 781 2553 portione
806 2507 969 2542 humoris
993 2507 1192 2553 albuginei,
1219 2518 1312 2552 quae
1337 2513 1393 2542 est
1421 2508 1455 2542 in
1483 2507 1661 2543 foramIne
1685 2519 1824 2550 uveae;
1849 2514 1887 2544 et

613 2564 744 2600 eodem
772 2564 886 2600 modo
919 2564 954 2599 in
988 2564 1157 2611 portione
1190 2575 1354 2606 corneae,
1379 2575 1463 2600 nam
1492 2570 1596 2600 erunt
1622 2571 1775 2610 quartae
1798 2571 1889 2601 tune

613 2622 849 2666 sphaerarum
866 2633 1023 2664 suarum,
1041 2623 1125 2666 quia
1145 2626 1231 2657 sunt
1254 2623 1504 2657 concentricae
1525 2623 1679 2669 glaciali.
1731 2622 1781 2658 Et
1798 2623 1889 2669 quia

613 2679 757 2714 coelum
775 2686 870 2714 esset
888 2680 1153 2715 concentricum
1172 2679 1236 2722 eis,
1249 2680 1279 2714 si
1296 2685 1461 2715 centrum
1476 2680 1572 2715 oculi
1592 2685 1686 2715 esset
1705 2680 1740 2715 in
1760 2686 1888 2716 centro

616 2736 750 2777 mundi,
768 2742 855 2772 tunc
872 2742 1001 2782 quarta
1023 2736 1113 2773 coeli
1139 2737 1193 2772 eis
1220 2737 1454 2783 responderet
1476 2749 1558 2773 cum
1584 2737 1698 2773 latere
1716 2738 1888 2783 quadrati

614 2793 839 2829 describendi
863 2794 899 2829 in
926 2806 979 2837 ea,
997 2800 1032 2830 et
1054 2795 1106 2830 sic
1128 2795 1314 2830 videretur
1336 2802 1466 2841 quarta
1490 2795 1589 2831 coeli.
1643 2795 1716 2831 Sed
1740 2805 1808 2832 nec
1832 2802 1890 2832 est

613 2851 863 2894 certificatum,
897 2863 943 2886 an
977 2852 1099 2897 portio
1132 2852 1325 2887 anterioris
1359 2852 1523 2898 glacialis
1554 2853 1601 2887 sit
1634 2859 1765 2898 quarta
1799 2864 1889 2890 suae

832 2918 839 2933 ¹
858 2916 886 2951 J„
901 2917 983 2944 omits
997 2917 1143 2945 reference
1159 2923 1190 2946 tn
1202 2918 1261 2945 this
1272 2918 1330 2946 uid
1343 2919 1392 2946 the
1403 2918 1552 2954 following
1565 2918 1664 2953 figur-e.
