2350 3580
628 523 696 557 520
932 514 1304 548 MULTIPLICATIO
1330 514 1618 548 SPECIERUM.

632 605 889 651 multiplicatio
905 605 968 641 illa
983 605 1217 641 accidentalis
1238 616 1261 641 a
1282 604 1447 651 qualibet
1463 609 1569 650 parte
1593 604 1697 651 ignis
1715 605 1914 640 secundum

631 673 758 698 omnes
781 663 990 704 diametros,
1006 667 1045 698 et
1070 674 1142 698 non
1166 662 1318 708 impedit
1343 661 1597 698 fortitudinem
1619 662 1812 705 effectus3
1836 673 1916 708 ergo

631 720 660 755 si
677 726 844 756 occurrat
864 720 900 755 in
924 720 1056 766 speciei
1082 721 1320 766 generatione
1343 719 1557 765 hujusmodi
1575 720 1756 763 materia,
1774 725 1915 766 oportet

630 777 732 823 quod
753 776 817 813 fiat
833 778 973 823 species
989 777 1125 820 sortior,
1143 783 1181 813 et
1197 777 1269 812 hoc
1284 776 1454 812 videmus
1471 777 1506 812 in
1528 777 1657 823 specie
1674 777 1865 823 magnetis
1883 783 1915 812 et

630 834 751 880 specie
766 835 851 870 vitri
869 840 908 871 et
925 834 1052 869 multis
1068 834 1157 869 aliis.

444 893 622 922 But-mother
681 891 888 928 Dicendum
922 896 1057 934 tamen,
1088 892 1188 938 quod
1228 890 1397 926 Albazen
1437 890 1532 926 bene
1573 891 1671 927 dicit
1713 893 1914 928 secundum

444 931 564 1002 2³32:ssss
631 948 873 990 intentionem
899 959 1014 992 suam,
1031 949 1116 994 quia
1142 934 1365 984 certissimus
1384 954 1514 984 auctor
1537 954 1608 990 est,
1632 959 1705 984 nec
1731 949 1772 985 in
1797 949 1914 995 aliquo

444 1002 583 1070 gesszm
631 1005 757 1042 fefellit
775 1017 842 1041 nos
858 1006 894 1040 in
911 1017 978 1042 sua
994 1006 1154 1042 scientia
1205 1005 1308 1043 Sed'
1299 1017 1377 1052 ipse
1392 1005 1547 1042 intendit
1563 1007 1672 1052 quod
1697 1006 1737 1041 in
1763 1007 1915 1053 corpori-

444 1074 573 1110 though
565 1082 593 1102 m
631 1063 700 1099 bus
719 1063 845 1098 mundi
861 1074 957 1108 quae
974 1063 1152 1110 recipiunt
1170 1063 1507 1109 multiplimtionem
1525 1063 1666 1109 speciei
1680 1065 1914 1106 transeuntis.

445 1111 588 1175 fflhis
631 1131 727 1166 quae
741 1125 827 1155 sunt
844 1121 964 1156 media
979 1121 1102 1167 pervia
1118 1125 1156 1156 et
1175 1132 1248 1156 non
1269 1120 1426 1156 retinent
1443 1120 1612 1166 speciem,
1624 1132 1754 1168 neque
1769 1128 1915 1169 propter

445 1182 606 1210 diminishes
631 1177 849 1213 densitatem
870 1183 912 1213 ut
928 1177 977 1213 ibi
993 1184 1225 1224 aggregatur,
1243 1184 1284 1213 ut
1299 1189 1432 1224 corpus
1448 1178 1558 1213 lunae
1580 1184 1760 1224 respectu
1785 1179 1912 1226 speciei

444 1219 594 1283 22&ae
632 1234 732 1276 lucis,
751 1245 871 1281 neque
889 1241 1038 1281 propter
1060 1235 1303 1281 aptitudinem
1325 1240 1364 1270 et
1383 1235 1678 1271 convenientiam
1697 1236 1912 1279 naturalem,

632 1298 673 1327 ut
689 1293 725 1327 in
743 1298 914 1339 magnete
931 1298 1098 1338 respectu
1116 1292 1248 1338 speciei
1265 1292 1361 1334 ferri,
1377 1303 1473 1338 quae
1490 1293 1749 1329 convenientia
1768 1305 1847 1330 non
1862 1300 1912 1329 &t

631 1350 667 1385 in
689 1360 784 1393 aere,
802 1355 842 1385 et
863 1350 914 1385 sic
934 1350 980 1385 de
1005 1349 1131 1385 multis
1141 1349 1164 1385 ¹.
1217 1350 1259 1385 In
1277 1350 1343 1392 his,
1359 1350 1522 1395 inquam,
1538 1350 1765 1395 corporibus
1788 1351 1911 1387 mediis

631 1413 780 1454 oportet
796 1408 898 1454 quod
910 1408 1048 1454 species
1062 1408 1150 1443 lucis
1167 1413 1205 1443 et
1221 1408 1417 1454 cujuslibet
1427 1408 1638 1444 debilitetur
1661 1409 1699 1443 in
1724 1409 1910 1454 distantia,

631 1466 718 1511 quia
742 1477 764 1500 a
791 1466 1010 1501 coelestibus
1034 1465 1070 1500 in
1096 1465 1263 1501 inferiora
1288 1476 1434 1511 semper
1457 1466 1505 1501 ad
1529 1476 1680 1500 sensum
1699 1467 1761 1502 vel
1783 1468 1909 1503 saltem

629 1522 831 1558 secundum
857 1528 1025 1558 naturam
1058 1528 1320 1568 augmentatur
1349 1522 1522 1564 densitas,
1548 1527 1587 1557 et
1619 1523 1754 1558 raritas
1790 1524 1909 1560 deficit

631 1580 742 1615 etiam
766 1580 801 1615 in
825 1580 936 1615 coelis
961 1586 998 1616 et
1023 1580 1058 1615 in
1084 1578 1240 1616 confinio
1257 1580 1350 1615 aeris
1368 1585 1405 1615 et
1425 1579 1528 1625 ignis,
1544 1579 1629 1615 licet
1651 1586 1841 1626 quantum
1866 1582 1908 1617 ad

631 1647 778 1672 sensum
813 1648 885 1673 non
917 1637 964 1672 sit
992 1637 1192 1672 diversitas.
1243 1636 1294 1673 Et
1328 1638 1416 1683 quia
1448 1637 1605 1672 densum
1643 1639 1796 1683 resistit,
1832 1639 1909 1683 ideo

630 1700 778 1740 oportet
803 1695 904 1740 quod
930 1694 1070 1740 species
1099 1695 1261 1730 secunda
1289 1695 1424 1730 habeat
1452 1694 1629 1740 majorem
1661 1696 1907 1732 resistentiam

631 1762 742 1797 quam
768 1752 895 1798 prima,
913 1758 950 1787 et
976 1752 1082 1787 tertia
1106 1762 1218 1797 quam
1242 1752 1412 1788 secunda.
1466 1751 1514 1787 Et
1539 1751 1710 1788 similiter
1730 1765 1819 1788 cum
1844 1754 1908 1789 hoc

631 1814 688 1844 est
698 1809 874 1855 dispersio
887 1815 925 1844 et
936 1810 1153 1852 debilitatio,
1168 1814 1319 1855 propter
1331 1809 1652 1854 multiplicationes
1662 1811 1908 1847 accidentales

631 1866 788 1900 infinitas
805 1866 852 1900 ab
870 1866 969 1901 omni
987 1872 1091 1912 parte
1109 1866 1227 1902 medii.
1278 1866 1352 1902 Sed
1369 1867 1455 1912 quia
1472 1867 1674 1902 secundum
1693 1868 1907 1903 distantiam

632 1922 808 1968 majorem
827 1923 945 1968 major
962 1924 1089 1959 crescit
1107 1923 1322 1967 resistentia,
1334 1924 1417 1959 ideo
1435 1923 1618 1970 praevalet
1636 1935 1750 1960 causa
1767 1937 1791 1960 a
1809 1932 1909 1971 parte

631 1980 839 2017 distantiae.
883 1980 1061 2017 Similiter
1073 1993 1094 2016 e
1107 1982 1290 2017 contrario
1302 1982 1453 2028 quando
1466 1982 1604 2028 species
1618 1982 1667 2017 ab
1681 1982 1909 2018 inferioribus

630 2039 677 2073 ad
698 2038 867 2073 coelestia
884 2039 1134 2084 progreditur;
1162 2049 1247 2074 nam
1273 2045 1360 2075 tunc
1377 2039 1603 2085 principatur
1618 2049 1734 2075 causa
1751 2041 1909 2075 secunda

629 2095 810 2139 Alhazen,
827 2095 963 2131 scilicet
980 2096 1160 2143 dispersio
1177 2096 1311 2143 speciei
1335 2097 1536 2131 secundum
1558 2107 1688 2131 omnes
1707 2097 1909 2133 diametros

630 2153 667 2188 in
693 2153 792 2189 omni
819 2159 924 2199 parte
949 2154 1069 2196 medii,
1094 2154 1152 2189 cui
1177 2154 1416 2190 debilitationi
1443 2165 1515 2189 non
1538 2159 1661 2200 potest
1687 2155 1910 2200 respondere

629 2209 833 2245 subtiliatio
851 2211 960 2246 medii
979 2212 1150 2247 continua
1171 2223 1194 2246 a
1211 2212 1383 2246 deorsum
1404 2212 1440 2246 in
1459 2222 1614 2246 sursum.
1667 2210 1769 2246 Nam
1794 2213 1911 2258 major

631 2273 688 2302 est
717 2267 922 2302 debilitatio
951 2279 1063 2314 quam
1094 2269 1304 2310 subtiliatio,
1333 2274 1370 2304 et
1398 2269 1480 2304 ideo
1506 2279 1653 2314 semper
1681 2269 1820 2304 accidit
1849 2271 1910 2305 de-

631 2325 792 2360 bilitatio
819 2325 936 2371 major
962 2331 1000 2361 et
1027 2326 1153 2372 major.
1205 2325 1245 2361 Si
1275 2331 1399 2361 tamen
1434 2326 1674 2371 responderet
1707 2326 1910 2362 subtiliatio

630 2382 872 2418 debilitationi
899 2394 995 2428 quae
1020 2388 1077 2419 est
1106 2394 1171 2429 per
1202 2384 1475 2429 dispersionem,
1499 2388 1644 2418 constat
1672 2385 1779 2429 quod
1807 2383 1909 2420 fieret

629 2441 772 2486 species
805 2441 968 2486 aequalis
1002 2446 1039 2476 et
1072 2451 1146 2476 non
1178 2441 1429 2477 debilitaretur
1462 2440 1498 2475 in
1537 2440 1673 2486 aliquo,
1706 2442 1797 2486 quia
1831 2454 1910 2478 esse

629 2497 762 2543 speciei
780 2497 900 2533 debile
923 2504 988 2540 est,
1006 2503 1044 2533 et
1069 2498 1154 2534 ideo
1176 2499 1315 2545 species
1337 2499 1373 2533 in
1393 2498 1492 2533 omni
1515 2504 1618 2544 parte
1644 2498 1758 2533 medii
1784 2506 1909 2546 posset

631 2565 712 2590 eam
743 2555 954 2600 producere.
1018 2554 1192 2591 Similiter
1219 2566 1293 2590 non
1323 2554 1441 2591 solum
1468 2555 1671 2591 secundum
1698 2566 1848 2592 sursum
1873 2562 1910 2592 et

631 2613 814 2655 deorsum,
841 2613 907 2647 sed
940 2614 1143 2648 secundum
1176 2612 1265 2648 alias
1291 2611 1511 2647 differentias
1543 2612 1737 2658 positionis
1764 2615 1909 2650 accidit.

632 2668 744 2705 Unde
760 2668 912 2715 quando
927 2670 1042 2705 homo
1058 2675 1133 2706 stat
1149 2670 1186 2704 in
1203 2670 1394 2706 cacumine
1409 2669 1545 2705 montis
1561 2669 1741 2711 altissimi,
1762 2676 1802 2705 et
1811 2671 1910 2708 videt

776 2735 785 2752 ¹
804 2735 874 2762 This
886 2738 1024 2763 sentence
1036 2735 1061 2763 is
1074 2740 1126 2763 not
1137 2734 1267 2763 finished.
1305 2735 1368 2763 Tite
1381 2740 1450 2763 next
1461 2735 1614 2763 continues
1626 2735 1676 2763 the
1688 2743 1788 2764 aenae.
