2350 3580
755 740 978 775 SCIENTIA
1004 738 1439 772 EXPERJMENTALIS.
1665 735 1729 780 185

453 828 493 865 in
508 840 663 876 vespere
677 829 838 866 declinat
855 830 903 867 ad
919 829 1138 878 aquilonem,
1152 835 1192 866 et
1209 829 1294 866 ideo
1316 828 1394 865 fieri
1416 834 1542 876 pote-t
1556 827 1618 864 iris
1635 827 1730 864 inter

454 887 634 923 orientem
651 892 690 923 et
706 888 910 924 meridiem.
960 887 1034 924 Sed
1052 898 1241 933 nunquam
1267 887 1303 922 in
1328 897 1414 922 vera
1436 885 1588 922 meridie
1603 889 1728 933 potest

454 956 536 980 esse
553 944 615 980 iris
632 945 667 980 in
684 945 741 981 his
757 945 966 982 climatibus
981 946 1029 981 ab
1041 943 1299 992 aequinoctiali
1311 955 1427 990 usque
1439 944 1485 979 ad
1497 942 1728 979 latitudinem

455 1001 503 1034 66
528 1003 710 1049 graduum
735 1008 775 1039 et
804 1012 848 1048 25
876 1003 1110 1039 minutorum.
1168 1002 1295 1038 Potest
1321 1007 1445 1038 tamen
1472 1001 1565 1053 bene
1589 999 1665 1037 fieri
1690 1001 1727 1038 in

454 1059 608 1096 meridie
634 1060 670 1097 in
701 1060 790 1098 loch
817 1061 912 1098 ultra
937 1060 1034 1098 hane
1070 1060 1315 1102 latitudinem,
1343 1066 1382 1094 et
1409 1059 1481 1094 hoe
1510 1070 1626 1105 usque
1654 1057 1728 1094 ad¹

455 1116 608 1163 polum;
633 1119 808 1164 quoniam
838 1118 893 1168 soi
923 1119 961 1154 in
986 1118 1058 1154 illis
1081 1116 1291 1164 regionibus
1313 1122 1369 1153 est
1394 1128 1541 1163 semper
1563 1117 1598 1152 in
1623 1121 1728 1162 parte

454 1173 659 1221 aquilonari
675 1176 731 1211 vel
750 1177 787 1211 in
805 1176 947 1212 oriente
960 1182 1027 1212 aut
1042 1177 1232 1212 occidente
1248 1186 1257 1219 ;
1282 1181 1320 1211 et
1338 1173 1397 1210 inis
1415 1173 1457 1210 fit
1468 1174 1504 1210 in
1514 1173 1727 1220 oppositum

454 1231 554 1275 solis,
570 1238 610 1269 et
626 1238 715 1270 tunc
731 1233 831 1269 omni
848 1233 941 1270 hora
957 1233 1029 1270 diei
1049 1239 1172 1280 potest
1194 1231 1270 1268 fieri
1292 1233 1362 1268 iris.
1413 1232 1511 1268 Nam
1538 1242 1726 1276 nunquam

453 1288 618 1325 elevatur
635 1288 706 1326 ’95⁴1
746 1302 857 1338 super
895 1291 1123 1328 horizontem
1166 1291 1235 1326 nisi
1284 1301 1350 1335 per
1394 1290 1596 1325 maximam
1638 1288 1727 1324 solis

452 1347 732 1384 declinationem
766 1360 832 1396 per
865 1359 909 1396 23
946 1349 1083 1396 gradus
1117 1354 1155 1385 et
1185 1356 1232 1395 35
1266 1347 1419 1392 minuta,
1447 1351 1598 1394 propter
1625 1346 1726 1393 quod

453 1404 516 1440 iris
538 1416 684 1452 semper
708 1411 832 1452 potest
859 1406 911 1442 eis
938 1399 1117 1453 apparere
1140 1406 1188 1442 de
1216 1405 1290 1448 die,
1315 1405 1465 1452 quando
1494 1404 1646 1440 materia
1669 1408 1727 1440 est

453 1469 680 1510 praeparata.

503 1519 566 1555 Ex
607 1520 664 1556 his
705 1520 818 1567 igitur
857 1527 963 1568 patet
1003 1522 1103 1568 quod
1145 1521 1210 1556 iris
1250 1521 1414 1566 sequitur
1454 1524 1596 1556 motum
1638 1519 1727 1554 solis

453 1576 670 1624 dupliciter3
697 1590 770 1614 uno
788 1578 899 1628 modo
917 1578 1114 1615 secundum
1134 1577 1379 1614 elevationem
1398 1582 1435 1613 et
1452 1576 1725 1624 depressionem

453 1635 541 1671 solis
559 1635 596 1672 in
610 1647 679 1673 suo
695 1635 830 1673 circulo
848 1637 1061 1681 altitudinis,
1076 1642 1185 1683 prout
1202 1636 1303 1683 prius
1319 1636 1460 1671 dictum
1485 1640 1565 1676 est;
1589 1638 1627 1670 et
1652 1633 1727 1670 alio

453 1692 567 1729 modo
582 1694 783 1730 secundum
803 1699 946 1730 motum
963 1693 1052 1730 solis
1069 1705 1179 1741 super
1201 1693 1429 1729 horizontem
1456 1697 1561 1728 motu
1583 1692 1726 1734 diurno,

453 1750 540 1795 quia
558 1751 619 1786 iris
634 1763 780 1798 semper
797 1744 961 1799 sequitur
978 1752 1082 1787 nadir
1098 1751 1196 1794 solis,
1213 1755 1252 1787 et
1270 1751 1374 1787 nadir
1394 1749 1496 1787 vadit
1506 1749 1678 1786 continue
1688 1749 1726 1785 in

450 1808 665 1854 oppositum
682 1808 779 1845 solis.

911 1923 1161 1960 CAPrruLuu
1189 1923 1276 1960 VII.

503 1988 830 2036 Experimentator
841 1990 997 2026 ulterius
1014 1991 1196 2038 inquirere
1211 1990 1339 2027 nititur
1356 2002 1476 2027 annon
1496 1989 1559 2026 fiat
1581 1989 1643 2026 iris
1661 2001 1726 2036 per
1739 1999 1854 2036 Experi-

453 2047 574 2082 radios
591 2047 791 2083 incidentes
811 2048 869 2085 vel
892 2059 959 2096 per
986 2048 1223 2085 reflexionem
1243 2048 1301 2084 vel
1320 2059 1387 2095 per
1404 2048 1672 2091 refractionem,
1687 2053 1725 2083 et
1739 2039 1912 2100 Ξῗζζζῐὲο

449 2115 499 2138 an
517 2105 566 2139 sit
581 2105 670 2140 solis
687 2105 820 2152 imago,
834 2110 873 2141 ut
888 2106 1121 2152 suppositum
1134 2110 1192 2141 est
1206 2106 1244 2140 in
1256 2105 1312 2141 his
1325 2117 1421 2151 quae
1436 2106 1483 2141 de
1495 2105 1726 2152 perspectiva
1739 2109 1828 2151 orphe

450 2161 554 2199 dicta
568 2168 666 2205 sunt,
685 2169 723 2199 et
738 2175 787 2198 an
803 2162 878 2199 sint
895 2163 970 2199 veri
988 2162 1130 2199 colores
1148 2162 1186 2198 in
1203 2163 1283 2210 ipsa
1299 2162 1407 2206 nube,
1425 2168 1463 2199 et
1481 2162 1528 2198 de
1541 2164 1726 2205 varietate.
1739 2145 1871 2173 nmbov.

450 2225 490 2256 et
510 2220 559 2256 de
575 2230 686 2256 causa
703 2220 954 2267 figurationis;
979 2231 1061 2256 curn
1085 2221 1254 2267 superius
1274 2226 1422 2257 tantum
1445 2221 1494 2256 sit
1521 2221 1661 2257 dictum
1678 2221 1726 2257 de

450 2277 657 2323 quantitate
683 2277 831 2324 figurae,
859 2278 997 2314 scilicet
1023 2279 1122 2324 quod
1148 2278 1347 2324 aliquando
1370 2279 1416 2314 sit
1445 2277 1598 2314 circulus
1623 2289 1724 2314 com-

451 2334 582 2380 pletus,
598 2340 637 2370 et
652 2333 850 2381 aliquando
867 2336 985 2381 major
1005 2337 1137 2381 portio,
1147 2341 1187 2372 et
1201 2336 1396 2382 aliquando
1410 2336 1538 2371 minor.
1588 2335 1664 2372 Sed
1676 2337 1726 2372 ad

449 2391 544 2429 haec
560 2391 798 2439 intelligenda
812 2393 1054 2429 necessarium
1073 2398 1130 2430 est
1146 2393 1200 2429 uti
1213 2393 1447 2440 experientiis
1464 2395 1583 2430 certis.
1621 2393 1726 2440 Quae
1740 2399 1849 2442 Mottop
1863 2398 1896 2428 οε

450 2455 538 2487 sunt
554 2449 776 2495 hujusmodi.
791 2448 987 2488 videlicet*
1008 2451 1110 2496 quod
1132 2451 1314 2496 aspiciens
1329 2451 1470 2497 iridem,
1486 2452 1516 2487 si
1536 2456 1725 2488 moventur
1738 2435 1884 2499 ᾒῇᾞζὴ

450 2507 742 2554 aequidistanter
764 2509 855 2551 iridi,
875 2513 962 2544 tunc
977 2509 1039 2544 iris
1058 2509 1223 2554 sequitur
1245 2509 1365 2554 ipsum
1385 2520 1410 2544 a
1434 2509 1547 2545 latere
1558 2522 1568 2553 ς
1593 2511 1724 2547 sivero
1738 2508 1786 2535 ὼε
1798 2508 1847 2535 ⁰¹>-

450 2572 645 2602 moveatur
670 2576 795 2601 versus
821 2565 963 2610 iridem,
988 2564 1050 2601 iris
1074 2564 1194 2612 sugit;
1225 2566 1256 2601 si
1281 2577 1368 2602 vero
1394 2572 1491 2602 retro
1518 2568 1637 2610 cedat,
1663 2567 1725 2602 iris
1735 2552 1834 2572 ’παῖ’

449 2623 618 2669 sequitur
635 2623 766 2670 ipsum,
775 2629 812 2660 et
828 2634 903 2659 non
919 2623 1042 2659 solum
1059 2623 1168 2659 tardo
1185 2629 1300 2667 motu,
1312 2623 1375 2659 sed
1388 2623 1516 2659 eadem
1530 2624 1724 2660 velocitate

449 2691 523 2726 qua
539 2680 670 2716 videns
688 2685 866 2716 movetur.
916 2680 1059 2716 Verum
1083 2681 1114 2716 si
1137 2680 1366 2716 velocissime
1390 2686 1512 2716 currat
1532 2681 1643 2718 homo
1666 2681 1723 2717 vel

450 2737 606 2784 equitet,
621 2737 806 2774 videbitur
823 2737 883 2773 iris
900 2738 979 2784 pari
997 2736 1194 2774 velocitate
1210 2737 1403 2783 transferri,
1417 2739 1515 2774 sicut
1530 2739 1724 2784 manifeste

449 2800 579 2842 potest
614 2794 728 2832 homo
757 2795 1040 2841 deprehendere,
1068 2796 1099 2831 si
1135 2795 1244 2831 villae
1277 2795 1336 2831 vel
1372 2806 1532 2837 nemora,
1558 2796 1616 2832 vel
1649 2795 1724 2832 alia

449 2863 606 2899 corpora
622 2852 695 2888 sint
711 2856 801 2888 ante
819 2864 903 2888 eum
921 2853 1017 2888 circa
1034 2853 1157 2888 locum
1175 2853 1274 2888 iridis
1290 2864 1299 2897 ;
1323 2852 1463 2888 videbit
1479 2852 1576 2889 enim
1595 2853 1723 2889 iridem

559 2926 568 2944 ¹
586 2927 648 2956 Tne
661 2927 767 2963 words,
780 2927 855 2956 hanc
867 2927 1054 2963 latitudinem,
1069 2932 1099 2956 et
1110 2927 1164 2956 hoc
1176 2936 1269 2963 usque
1281 2927 1326 2963 td,
1339 2936 1389 2955 ure
1403 2927 1520 2956 omitted
1534 2927 1563 2956 in
1575 2927 1604 2963 J.

559 2971 573 2990 ⁸
590 2971 811 2999 videlicet-not
824 2971 880 3006 vel,
892 2980 926 2999 u
939 2972 967 2999 in
979 2972 1008 3005 J.
