2350 3580
613 701 680 739 470
906 694 1284 729 ιιυιτιριιωπο
1309 693 1594 728 sraela-mm.

614 779 770 818 multum
799 779 960 817 velocius
987 780 1123 816 feratur
1154 779 1296 826 species
1324 779 1363 816 in
1392 771 1543 826 corpore
1570 777 1752 816 subtiliori
1778 788 1892 825 quam

613 838 730 884 possit
750 838 788 873 in
810 848 964 885 corpore
986 837 1148 875 secundo
1172 836 1332 873 densiori
1355 842 1507 883 propter
1530 847 1701 882 magnam
1720 837 1894 872 resisten-

613 896 704 931 tiam
728 895 908 941 grossitiei
933 895 1099 941 corporis
1119 894 1213 937 talis,
1230 895 1347 930 virtus
1368 892 1547 930 naturali·
1567 904 1747 940 generans
1769 892 1891 940 ipsam

613 952 775 999 speciem
792 952 937 1000 appetit
952 951 1151 989 faciliorem
1169 952 1365 989 tramitum
1383 956 1421 988 et
1439 951 1544 999 eligit
1558 950 1681 995 illum3
1705 957 1744 988 et
1759 950 1819 988 hic
1835 955 1893 987 eat

613 1021 739 1046 versus
752 1009 1106 1058 perpendicularem.-
1143 1009 1383 1057 Quapropter
1399 1009 1452 1047 tic
1467 1009 1581 1046 debet
1595 1008 1713 1056 frangi
1727 1009 1823 1045 inter
1839 1009 1894 1045 in-

615 1078 755 1103 cessum
776 1072 914 1104 rectum
932 1072 971 1103 et
988 1067 1328 1113 perpendicularem
1342 1067 1547 1103 ducendam
1561 1079 1583 1103 a
1601 1066 1681 1102 loco
1694 1066 1894 1102 &actionis-

429 1127 601 1171 Whygmbeu
666 1123 716 1160 Et
732 1134 815 1161 cum
832 1125 1096 1161 contrariorum
1112 1125 1320 1161 contrariae
1334 1125 1408 1161 nint
1423 1135 1565 1167 causae,
1576 1128 1614 1160 et
1632 1124 1894 1160 contrariarum

427 1172 602 1229 ξζζᾞξιω
614 1191 807 1218 musarum
832 1183 1006 1219 contrarii
1031 1181 1196 1226 effeetus,
1221 1188 1310 1219 tunc
1334 1187 1485 1229 oportet
1510 1181 1621 1228 quod,
1645 1191 1728 1218 cum
1752 1181 1895 1228 species

427 1237 593 1300 ffssmrfl'
614 1239 739 1274 veniat
771 1252 795 1275 a
828 1240 986 1276 densiori
1019 1241 1054 1276 in
1088 1239 1269 1282 subtilius,
1292 1239 1453 1276 declinet
1478 1251 1503 1275 a
1527 1238 1829 1286 perpendiculari,
1855 1243 1895 1274 ut

428 1309 593 1343 mayn-0212
615 1296 777 1332 incessus
805 1303 926 1333 rectus
954 1296 1063 1334 cadat
1092 1299 1188 1334 inter
1212 1296 1346 1334 lineam
1376 1295 1563 1334 fractionis
1589 1303 1627 1332 et
1654 1296 1895 1343 perpendicu-

427 1352 544 1409 Εξζξιῗζ
617 1353 729 1390 larem
759 1354 963 1391 ducendam
997 1367 1021 1390 a
1052 1354 1136 1390 ioco
1169 1354 1367 1391 fractionis.
1419 1353 1514 1390 Cum
1547 1355 1646 1390 enim
1675 1354 1712 1390 in
1743 1365 1897 1400 corpore

615 1412 730 1447 denso
755 1413 867 1459 priori
890 1423 1063 1460 magnam
1085 1412 1326 1448 resistentiam
1354 1412 1498 1454 habeat,
1514 1417 1663 1460 propter
1685 1412 1894 1459 grossitiem

615 1468 857 1505 excellentem
875 1480 986 1515 super
1001 1470 1209 1516 grossitiem
1225 1471 1376 1505 secundi
1394 1470 1565 1516 corporis,
1581 1470 1685 1515 cujus
1706 1469 1896 1515 grossitiei·

616 1532 670 1562 est
688 1525 872 1562 subtilitas
889 1537 1030 1573 magna,
1048 1533 1088 1563 ut
1103 1527 1152 1563 de
1168 1527 1265 1563 sacili
1283 1533 1370 1574 agat
1387 1528 1527 1574 species
1541 1527 1689 1563 veniens
1709 1527 1746 1562 in
1765 1526 1896 1573 ipsum,

616 1595 690 1619 non
710 1590 859 1630 oportet
879 1585 979 1630 quod
997 1590 1150 1630 quaerat
1172 1585 1370 1622 faciliorem
1390 1586 1596 1626 transitum.
1614 1583 1752 1621 scilicet
1767 1594 1894 1618 versus

615 1641 977 1687 perpendicularem;
1001 1643 1090 1687 quia
1112 1643 1232 1677 omnia
1254 1642 1427 1677 transitus
1452 1634 1507 1678 eet
1532 1643 1565 1678 ei
1589 1641 1703 1678 facilis
1726 1646 1894 1688 respectu

617 1697 842 1734 difficultatis
868 1709 979 1744 quam
1006 1698 1134 1735 habuit
1159 1700 1196 1735 in
1222 1701 1332 1747 priori
1359 1711 1521 1747 corpore,
1538 1705 1576 1735 et
1598 1698 1681 1734 ideo
1702 1703 1825 1745 potest
1843 1698 1895 1734 ire

617 1756 652 1792 in
670 1763 815 1801 partem
832 1756 1014 1792 diversam
1034 1768 1057 1792 a
1079 1757 1380 1805 perpendiculari,
1396 1763 1434 1793 et
1452 1754 1654 1793 necessario
1672 1755 1783 1792 debet
1799 1756 1894 1792 hanc

617 1819 759 1860 partem
777 1813 923 1859 eligere,
941 1814 1028 1862 quia
1050 1820 1230 1861 quantum
1256 1820 1379 1860 potent
1403 1814 1632 1850 uniformiter
1654 1814 1734 1859 agit
1757 1818 1796 1849 et
1822 1825 1896 1848 uno

617 1872 741 1914 modo,
770 1876 808 1906 et
838 1871 921 1908 ideo
952 1873 1065 1909 invita
1090 1874 1221 1909 transit
1248 1873 1294 1908 ad
1321 1873 1617 1908 contrarietatem
1643 1871 1896 1917 dispositionis

617 1939 704 1964 suae
717 1927 983 1965 vehementem.
1023 1930 1176 1976 Propter
1190 1930 1303 1976 quod,
1318 1940 1401 1965 cum
1416 1929 1452 1966 in
1465 1930 1585 1977 primo
1598 1939 1750 1975 corpore
1763 1928 1894 1964 habuit

617 1996 790 2031 magnam
810 1985 1064 2023 difficultatem
1083 1989 1256 2024 transitus
1283 1998 1347 2024 seu
1370 1988 1552 2024 modicam
1570 1986 1794 2028 facultatem,
1812 1985 1896 2021 ideo

616 2054 667 2078 ex
692 2043 941 2079 uniformitate
964 2056 1041 2086 sua,
1068 2056 1181 2091 quam
1210 2046 1365 2080 Intendit
1390 2055 1532 2090 semper
1556 2048 1733 2089 quantum
1760 2048 1894 2089 potest.

617 2111 690 2136 non
716 2100 828 2137 debet
852 2100 984 2148 eligere
1009 2102 1303 2139 contrarietatem
1330 2101 1585 2146 excellentem,
1612 2106 1651 2137 ut
1674 2101 1720 2137 ad
1750 2107 1895 2147 partem

617 2158 780 2195 facillimi
812 2159 994 2201 transitus,
1021 2160 1159 2196 scilicet
1185 2171 1310 2196 versus
1339 2159 1687 2207 perpendicularem,
1714 2158 1894 2201 declinet;

617 2217 681 2252 sed
708 2217 984 2262 quodammodo
1010 2218 1208 2262 continuet,
1225 2225 1266 2254 ut
1292 2225 1414 2265 potest
1439 2224 1476 2253 et
1501 2217 1623 2258 debet,
1638 2216 1894 2252 difficultatem

617 2274 803 2318 transitus,
837 2286 901 2310 seu
936 2275 1110 2310 minorem
1141 2275 1376 2319 facilitatem
1410 2281 1447 2311 et
1481 2276 1550 2311 hoc
1583 2280 1639 2310 est
1668 2274 1895 2310 transeundo

618 2330 712 2368 ultra
730 2331 911 2367 incessum
929 2338 1068 2369 rectum
1085 2343 1150 2378 per
1166 2331 1436 2379 elongationem
1454 2343 1476 2368 a
1493 2331 1795 2379 perpendiculari,
1809 2342 1894 2368 cum

616 2389 650 2423 ei
684 2389 840 2424 sufficiat
874 2389 933 2424 ille
966 2391 1148 2430 transitus.
1176 2396 1216 2427 et
1250 2391 1384 2436 poterit
1416 2401 1501 2426 eum
1536 2389 1759 2436 adimplere;
1800 2390 1896 2424 sicut

616 2447 766 2492 quando
792 2447 934 2493 species
959 2448 1061 2483 venit
1094 2459 1117 2483 a
1150 2449 1330 2484 subtiliori
1363 2449 1401 2484 in
1433 2448 1603 2494 grossius¹
1632 2447 1822 2483 continuat
1856 2447 1891 2482 in

614 2504 786 2551 grossiori
821 2504 1034 2542 facilitatem
1068 2507 1243 2541 transitus
1279 2507 1314 2541 in
1347 2517 1501 2552 corpore
1531 2504 1701 2548 secundo,
1735 2510 1776 2540 ut
1816 2503 1896 2550 ejus*

618 2562 777 2598 incessus
795 2562 830 2597 in
850 2568 1003 2609 utroque
1019 2574 1172 2609 corpore
1190 2563 1236 2599 sit
1254 2562 1538 2610 proportionalis
1563 2568 1743 2609 quantum
1772 2568 1894 2609 potest

617 2625 655 2655 et
672 2620 881 2662 uniformis3
908 2632 1119 2666 quanquam
1137 2626 1175 2657 et
1192 2621 1361 2657 similiter
1376 2632 1458 2656 cum
1475 2621 1545 2656 hoc
1563 2620 1752 2666 grossities
1767 2631 1894 2665 super-

618 2678 692 2723 flua
710 2678 872 2723 corporis
892 2678 1039 2713 secundi
1065 2679 1205 2715 excitat
1223 2679 1394 2714 virtutem
1419 2679 1665 2724 generativam
1689 2677 1834 2723 speciei,
1851 2682 1894 2712 ut

617 2735 667 2771 ad
684 2742 826 2782 partem
843 2735 1012 2772 facilioris
1030 2736 1203 2772 transitus
1221 2736 1390 2772 declinet.

429 2793 544 2830 Experi-
667 2793 717 2830 Et
741 2795 844 2839 quod
870 2804 934 2840 per
954 2805 1102 2830 causam
1128 2795 1363 2831 manifestum
1389 2801 1445 2831 est
1470 2794 1517 2830 de
1541 2793 1680 2841 duplici
1707 2793 1894 2837 fractione,

430 2829 534 2902 22⁸2,th
618 2862 812 2897 possumus
830 2851 1079 2898 multipliciter
1092 2852 1281 2888 verificare
1299 2864 1363 2898 per
1379 2852 1547 2887 effectum
1561 2856 1598 2886 et
1616 2851 1891 2897 experientiam.

430 2903 597 2932 eonoentra-
617 2910 715 2946 Nam
732 2911 765 2945 si
781 2910 866 2956 quia
881 2908 1092 2956 crystallum
1117 2910 1348 2956 sphaericum
1365 2909 1425 2946 vei
1447 2921 1581 2956 corpus
1605 2908 1743 2945 urinale
1770 2915 1895 2945 rotun-
