2350 3580
616 741 981 776 PERSPECTWAE
1007 741 1137 779 PARS
1162 740 1319 775 PRIMA
1329 751 1343 772 .·
1380 740 1502 775 ΒῙΞΤ.
1529 740 1576 775 Π.
1695 748 1744 784 -15

462 831 607 868 tunicas
648 831 822 876 navales,
856 837 895 868 et
930 826 1001 867 iste
1038 841 1170 867 nervus
1207 830 1259 867 sic
1295 829 1522 877 compositus
1555 829 1658 866 vadit
1693 830 1743 866 ad

462 896 663 936 utrumque
687 888 844 932 oculum,
865 896 902 925 et
927 895 1081 936 uterque
1104 888 1232 924 oculus
1256 887 1371 923 habet
1394 887 1609 924 naturaliter
1631 887 1742 923 situm

463 946 686 983 consimilem
703 951 867 993 respectu
885 957 1083 982 concursus
1099 957 1227 982 eorum
1244 946 1281 981 in
1298 945 1483 988 foramine,
1496 950 1534 981 et
1551 944 1741 991 aequalem

462 1005 676 1042 distantiam
691 1003 740 1041 ab
757 1017 811 1052 eo¹
829 1009 870 1040 ut
888 1002 1038 1040 certius¹
1057 1002 1286 1050 compleatur
1302 1003 1405 1038 visio.

934 1207 1185 1245 Curi-mun
1212 1207 1263 1245 11.

598 1314 657 1349 De
671 1313 805 1350 tunicis
820 1313 917 1349 oculi
932 1313 1144 1360 compositis
1160 1323 1211 1349 ex
1226 1312 1343 1349 tribus
1360 1312 1478 1349 nervis
1494 1312 1612 1349 dictis.

515 1426 655 1464 Oculus
692 1439 781 1473 ergo
818 1427 932 1463 habet
963 1433 1039 1463 tres
1070 1427 1213 1464 tunioes
1245 1439 1310 1464 seu
1345 1426 1570 1474 panniculos,
1601 1430 1639 1463 et
1670 1433 1745 1463 tres
1760 1433 1820 1463 The

465 1485 649 1529 humosa,
666 1490 703 1521 et
725 1495 835 1521 unam
852 1484 965 1521 telam
986 1485 1034 1521 ad
1052 1486 1203 1522 modum
1219 1484 1318 1522 telae
1339 1496 1505 1521 araneae.
1555 1484 1607 1520 Et
1629 1480 1745 1531 piima
1759 1470 1932 1542 ζξᾞξᾞξ

466 1542 546 1588 ejus
560 1541 684 1578 tunica
701 1542 744 1578 fit
759 1554 809 1578 ex
826 1543 955 1578 tunica·
967 1543 1065 1578 nervi
1083 1543 1270 1585 interioris,
1285 1554 1381 1590 quae
1396 1543 1497 1578 venit
1512 1553 1536 1578 a
1552 1542 1614 1588 pia
1629 1546 1747 1578 matre

466 1601 666 1636 secundum
684 1610 812 1635 omnes
829 1605 1007 1642 auctores,
1019 1606 1059 1636 et
1077 1601 1301 1647 expanditur
1316 1600 1365 1636 ab
1382 1601 1618 1636 extremitate
1636 1598 1746 1643 nervi,

467 1656 530 1692 ubi
555 1657 755 1703 ingreditur
779 1656 941 1693 foramen
968 1657 1070 1701 ossis,
1094 1662 1132 1694 et
1159 1657 1380 1694 ramificatur
1403 1657 1451 1694 ad
1481 1657 1633 1693 modum
1661 1656 1747 1693 retis

467 1715 615 1750 concavi
637 1715 672 1750 in
695 1715 810 1762 prima
832 1720 939 1762 parte
961 1715 1028 1756 sui,
1045 1727 1141 1762 quae
1165 1715 1252 1751 ideo
1270 1720 1424 1751 vocatur
1444 1720 1522 1751 rete
1541 1715 1601 1750 vel
1622 1715 1747 1757 retina,

467 1772 667 1808 secundum
680 1772 912 1808 Avicennam
924 1774 1034 1808 tertio
1048 1773 1139 1809 libro
1157 1773 1363 1809 Medicinae
1379 1777 1419 1808 et
1430 1773 1632 1809 secundum
1647 1772 1747 1808 Con-

467 1829 681 1874 stantinum,
693 1829 835 1866 habens
848 1841 963 1866 venas
979 1836 1019 1868 et
1034 1831 1185 1867 arterias
1201 1835 1240 1867 et
1256 1841 1389 1866 nervos
1405 1830 1566 1866 subtiles.
1603 1829 1748 1866 Deinde

467 1897 553 1933 pars
570 1887 648 1932 eJus
668 1888 828 1924 secunda
846 1893 903 1924 est
919 1887 1074 1935 spissior,
1093 1894 1134 1924 ut
1151 1888 1239 1925 dicit
1255 1887 1455 1931 Avicenna,
1471 1893 1509 1923 et
1525 1887 1747 1934 expanditur

469 1945 657 1992 sphaerico
679 1956 796 1991 usque
819 1946 868 1994 ad
895 1946 1054 1980 anterius
1081 1945 1176 1983 oculi
1202 1945 1343 1981 habens
1372 1945 1534 1981 foramen
1542 1945 1594 1980 ‘in
1625 1945 1747 1981 medio

470 2014 560 2038 suae
579 2003 768 2038 anterioris
784 2004 908 2049 partis.
926 2008 966 2038 ut
988 2004 1128 2049 species
1147 2003 1239 2039 lucis
1261 2008 1297 2039 et
1313 2003 1447 2039 coloris
1467 2007 1506 2039 et
1521 2008 1747 2040 caeterorum

469 2059 664 2096 visibilium
695 2060 843 2096 valeant
875 2061 1094 2107 pertransire
1124 2071 1194 2107 per
1225 2060 1387 2096 medium
1420 2060 1517 2096 oculi
1550 2071 1665 2107 usque
1698 2061 1747 2097 ad

470 2127 621 2152 nervum
650 2118 712 2162 qui
740 2118 840 2152 venit
868 2129 890 2153 a
917 2118 1077 2154 cerebro.
1124 2118 1228 2154 Nam
1255 2118 1327 2154 hoc
1355 2118 1518 2167 foramen
1552 2118 1752 2165 opponitur

470 2175 608 2210 directe
629 2175 855 2210 extremitati
882 2176 982 2210 nervi
1005 2186 1028 2210 a
1052 2187 1127 2220 qua
1150 2177 1376 2222 expancitur
1399 2176 1527 2218 retina,
1543 2181 1582 2211 et
1607 2176 1692 2211 ideo
1712 2176 1750 2211 in

470 2231 542 2268 hac
576 2236 656 2267 tota
694 2232 817 2268 tunica
857 2231 943 2268 dicit
977 2231 1145 2269 Alhacen
1185 2245 1266 2269 esse
1303 2232 1381 2269 duo
1419 2233 1605 2274 foramina,
1638 2244 1749 2268 unum

470 2290 644 2332 anterius,
659 2294 697 2324 et
719 2289 817 2324 aliud
835 2290 1014 2336 posterius
1037 2291 1139 2336 quod
1159 2296 1215 2325 eet
1233 2291 1334 2327 nervi
1354 2291 1503 2327 concavi
1525 2291 1752 2327 extremitas.

474 2345 526 2382 Et
550 2347 641 2382 haec
667 2357 752 2392 pars
776 2347 855 2392 ejus
879 2348 1039 2383 secunda
1058 2353 1213 2383 vocatur
1234 2358 1336 2391 uvea,
1354 2349 1527 2394 quoniam
1552 2353 1608 2383 est
1627 2347 1752 2382 similis

472 2412 597 2446 uveae.
617 2415 661 2440 eo
686 2404 786 2450 quod
811 2403 968 2440 dimittit
987 2404 1026 2439 in
1048 2403 1224 2441 anteriori
1247 2409 1352 2451 parte
1375 2417 1441 2440 sua
1463 2404 1638 2448 foramen,
1657 2404 1753 2441 sicut

473 2461 688 2507 relinquitur
715 2461 752 2496 in
781 2471 852 2497 uva
881 2461 1032 2508 quando
1061 2467 1272 2498 removetur
1299 2462 1572 2510 suspensorium
1601 2462 1689 2508 ejus,
1710 2469 1754 2498 ut

473 2519 561 2554 dicit
577 2518 766 2554 Avicenna
782 2519 892 2554 tertio
909 2518 1001 2553 libro
1024 2518 1239 2555 Medicinae.
1291 2519 1343 2555 Et
1359 2531 1382 2555 a
1399 2519 1523 2555 tunica
1541 2520 1641 2555 nervi
1656 2530 1754 2565 quae

470 2577 570 2612 venit
588 2586 610 2612 a
632 2576 723 2612 dura
746 2580 872 2618 matre,
888 2578 1090 2612 secundum
1114 2587 1243 2613 omnes
1268 2577 1494 2623 expanditur
1508 2577 1632 2612 tunica
1654 2577 1752 2613 oculi

470 2634 644 2676 munda,
658 2645 753 2680 quae
768 2633 882 2670 habet
895 2635 987 2670 duas
1002 2641 1137 2682 partes.
1172 2634 1272 2671 Nam
1288 2635 1405 2681 prima
1419 2646 1504 2682 pars
1521 2635 1755 2682 componitur

474 2703 526 2727 ex
547 2692 650 2727 venis
672 2696 712 2726 et
737 2691 856 2726 nervis
880 2696 918 2727 et
941 2692 1093 2733 arteriis,
1114 2697 1152 2727 et
1176 2697 1331 2728 vocatur
1354 2692 1563 2732 secundina.
1583 2692 1671 2738 quia
1696 2698 1754 2729 eat

472 2750 599 2786 similis
627 2748 873 2792 secundinaeg
911 2754 951 2785 et
982 2750 1145 2785 secunda
1181 2761 1265 2795 pars
1299 2750 1523 2796 expanditur
1555 2761 1672 2796 usque
1704 2750 1753 2786 ad

473 2806 637 2843 anterius
669 2805 777 2849 oculi.
806 2813 843 2842 et
876 2806 926 2842 ibi
957 2813 1111 2853 apparet
1143 2806 1225 2853 ejus
1256 2818 1343 2853 pars
1376 2805 1584 2850 manifesta,
1616 2806 1755 2844 scilicet

475 2865 597 2913 portio
613 2864 806 2911 cujusdam.
822 2864 1012 2911 sphaerae,
1029 2876 1124 2911 quae
1141 2865 1336 2902 circulatur
1352 2876 1461 2912 super
1478 2865 1752 2902 extremitatem

512 2968 522 2986 ¹
540 2968 664 3004 certius,
686 2968 735 2996 the
746 2968 865 3004 reading
877 2967 910 2996 of
919 2968 968 2996 the
982 2968 1064 2998 Harl.
1082 2968 1165 2998 BSS.
1182 2967 1206 2996 ia
1220 2970 1312 2997 better
1325 2970 1394 2997 than
1407 2968 1501 3003 citius,
1510 2977 1543 2996 aa
1554 2970 1639 3004 given
1653 2970 1681 2997 in
1694 2968 1723 3004 J.
