2350 3580
617 728 836 762 MORALJS
861 728 1192 762 PHILOSOPHIA
1207 741 1220 762 .-
1251 728 1380 762 PARS
1405 728 1641 762 SECUNDA.
1693 737 1759 773 251

484 817 681 864 juvenibus
697 818 918 856 instruendis
933 819 982 856 ad
999 818 1212 865 huiusmodi
1229 819 1350 856 studia
1367 825 1405 856 et
1421 818 1541 856 officia
1556 819 1764 855 exercenda

487 877 650 922 aptiores
687 876 798 922 juxta
838 876 990 912 consilis
1023 877 1252 923 sapientum3
1294 881 1333 912 et
1363 876 1489 922 reliqui
1523 877 1571 912 ad
1604 876 1763 912 officium

488 932 647 969 militare
661 934 886 980 deputantur
901 946 969 980 pro
982 934 1126 980 justitia
1145 934 1383 980 exsequenda
1405 939 1444 970 et
1467 933 1763 970 malefactoribus

486 991 775 1038 compescendis».
827 990 878 1028 Et
904 996 1052 1038 oportet
1077 996 1117 1027 ut
1141 990 1232 1027 dicit
1258 990 1456 1034 Avicenna,
1474 997 1516 1028 ut
1541 991 1763 1028 instituendo

488 1047 619 1093 legem,
636 1049 685 1084 sit
709 1048 800 1084 haec
825 1049 944 1094 prima
969 1049 1134 1092 intentio,
1159 1048 1299 1084 scilieet
1321 1048 1492 1084 ordinare
1515 1048 1702 1084 civitatem
1727 1049 1765 1084 in

488 1112 563 1142 tres
579 1113 704 1153 partes
720 1107 859 1143 scilicet
878 1107 913 1143 in
930 1107 1181 1154 dispositores.
1194 1107 1392 1151 ministros,
1406 1113 1444 1143 et
1461 1106 1552 1153 legis
1568 1107 1713 1152 peritos,
1725 1110 1765 1142 et

486 1164 587 1210 quod
606 1163 641 1200 in
668 1175 889 1211 unoquoque
903 1176 1031 1201 eorum
1043 1163 1057 1186 ²
1077 1164 1265 1201 ordinetur
1281 1163 1413 1210 aliquis
1430 1164 1625 1211 praelatus.
1674 1163 1764 1200 Post

486 1233 598 1268 quem
615 1222 828 1259 ordinentur
843 1223 906 1259 alii
923 1222 1077 1270 praelati
1099 1221 1288 1259 inferiores
1310 1233 1365 1267 eo,
1383 1228 1420 1258 et
1444 1227 1530 1269 post
1546 1221 1614 1258 hos
1630 1221 1763 1259 iterum

486 1281 548 1316 alii
573 1280 797 1325 ordinentur,
819 1292 1011 1328 quousque
1035 1281 1250 1326 perveniant
1274 1280 1321 1315 ad
1352 1291 1512 1326 paucos;
1536 1280 1586 1316 ad
1617 1280 1689 1316 hoc
1723 1284 1764 1315 ut

488 1336 609 1373 nullus
639 1339 688 1374 sit
721 1339 758 1374 in
791 1339 941 1374 civitate
973 1338 1110 1374 inutilis
1143 1339 1232 1384 quin
1265 1336 1402 1374 haheat
1432 1336 1595 1383 aliquem
1625 1342 1764 1374 statum

488 1394 721 1440 laudabilem,
746 1402 783 1432 et
810 1402 850 1432 ut
882 1396 930 1432 ab
964 1407 1189 1442 unoquoque
1222 1395 1416 1442 proveniat
1443 1395 1584 1431 utilitas
1613 1395 1763 1432 civitati.

489 1452 601 1490 Unde
626 1455 726 1500 apud
751 1453 944 1490 Platonem
970 1454 1032 1489 iila
1048 1454 1175 1490 civitas
1202 1453 1403 1500 justissime
1421 1453 1591 1489 ordinata
1608 1453 1765 1490 traditur

488 1512 525 1546 in
541 1522 617 1557 qua
633 1511 787 1557 quisque
796 1512 963 1558 proprios
978 1512 1095 1547 noscit
1105 1510 1121 1532 ²
1139 1511 1303 1547 affectus.
1348 1511 1398 1546 Et
1412 1511 1505 1555 iden,
1518 1515 1558 1546 ut
1571 1509 1765 1546 Avicenna

487 1569 587 1612 dicit.
609 1567 804 1614 prohibere
831 1568 943 1605 debet
968 1569 1138 1615 princeps
1161 1569 1321 1605 civitatis
1347 1569 1572 1605 otiositatem
1597 1574 1635 1605 et
1656 1579 1764 1605 vaca-

486 1626 641 1663 tionem.
692 1626 766 1672 Qui
797 1633 921 1663 autem
954 1637 1030 1662 non
1060 1633 1214 1672 possunt
1248 1627 1430 1672 compesci
1463 1627 1600 1662 debent
1627 1625 1764 1673 expelii

487 1695 509 1721 a
527 1684 686 1728 civitate,
704 1684 772 1720 nisi
789 1695 900 1721 causa
919 1683 1028 1729 hujus
1045 1685 1094 1719 sit
1112 1684 1305 1721 infirmitas
1323 1683 1379 1721 vel
1396 1689 1587 1728 ‚enectum
1614 1689 1653 1720 et
1676 1690 1765 1721 tune

488 1742 735 1778 instituendus
768 1747 826 1778 est
862 1741 963 1777 locus
999 1743 1036 1777 in
1077 1753 1152 1788 quo
1194 1747 1432 1789 pennaneant
1473 1742 1683 1787 hujusmodi
1726 1747 1765 1777 et

487 1800 686 1845 deputetur
701 1799 754 1835 eis
772 1804 997 1846 procurator.
1048 1798 1210 1846 Oportet
1225 1805 1350 1835 autem
1367 1799 1467 1846 quod
1489 1799 1526 1835 in
1552 1799 1701 1836 civitate
1717 1799 1766 1835 sit

487 1857 639 1903 quidam
666 1856 768 1893 locus
795 1856 1014 1903 reipublicae
1043 1857 1276 1903 pecuniariae
1299 1869 1392 1904 quae
1417 1857 1552 1904 partim
1574 1858 1765 1904 proveniat

487 1926 537 1950 ex
549 1914 634 1960 jure
650 1915 750 1960 quod
768 1914 972 1950 instituitur
981 1915 1239 1957 contractibus,
1253 1915 1387 1960 partim
1404 1926 1453 1950 ex
1467 1915 1655 1950 calumniis
1667 1927 1765 1962 quae

486 1984 556 2019 pro
574 1983 690 2018 poena
712 1970 930 2017 infliguntur,
949 1971 1083 2018 partim
1101 1984 1150 2008 ex
1168 1973 1327 2018 praediis
1345 1977 1383 2008 et
1401 1973 1545 2018 praedis
1563 1973 1765 2018 rebellium,

487 2030 621 2076 partim
648 2041 696 2065 ex
721 2029 812 2075 aliis,
832 2035 868 2066 et
895 2035 934 2066 ut
961 2029 1050 2066 haec
1077 2030 1305 2076 respublica⁵
1323 2031 1370 2066 sit
1396 2030 1530 2076 partim
1546 2036 1765 2077 praeparata

488 2087 561 2122 illis
577 2087 639 2134 qui
657 2098 730 2122 non
752 2093 906 2133 possunt
928 2087 1058 2122 lucrari
1083 2092 1237 2135 propter
1264 2087 1512 2122 infirmitatem
1538 2093 1577 2122 et
1603 2095 1765 2125 senectu-

488 2152 577 2189 tem,
595 2150 633 2180 et
651 2146 784 2191 partim
803 2145 895 2191 legis
919 2150 957 2181 et
978 2145 1183 2181 medicinae
1208 2146 1432 2190 doctoribus,
1452 2151 1488 2182 et
1513 2148 1647 2192 partim
1665 2158 1765 2182 com-

488 2203 660 2238 munibus
678 2202 811 2238 usibus.

539 2260 591 2296 Et
608 2260 742 2296 deinde
765 2261 872 2297 docet
896 2260 1081 2307 legislator
1106 2266 1269 2296 statuere
1292 2260 1512 2308 patrimonia
1538 2268 1577 2298 et
1599 2260 1765 2298 haeredi·
1782 2266 1909 2310 ,Ῑ-ινξοῐ

488 2324 586 2356 tates
619 2324 657 2354 et
690 2323 933 2360 testamenta}
966 2318 1051 2364 quia
1079 2318 1170 2354 dicit
1199 2318 1392 2366 Avicenna
1425 2320 1525 2364 quod
1558 2310 1765 2356 substantia
1780 2302 1947 2367 :⁸¹:2¹3meoe

489 2377 690 2412 necessaria
716 2377 815 2412 vitae
846 2376 981 2422 partim
1008 2381 1063 2412 est
1099 2387 1232 2419 ramus,
1265 2377 1401 2422 partim
1436 2382 1492 2412 est
1521 2377 1638 2413 radix.
1689 2376 1765 2413 Sed
1780 2380 1859 2404 “¹0¹-

488 2435 597 2470 radix
630 2439 686 2470 est
710 2433 973 2480 patrimonium
1001 2440 1037 2470 et
1062 2434 1199 2480 aliquid
1234 2435 1333 2480 quod
1368 2439 1424 2470 est
1460 2447 1507 2470 ex
1541 2439 1767 2471 testamento

487 2491 652 2538 legatum
688 2497 726 2528 et
752 2492 894 2534 datum,
919 2503 968 2528 ex
1003 2491 1137 2538 quibus
1161 2492 1276 2528 tribus
1312 2492 1493 2528 radicibus
1527 2491 1677 2534 firmius.
1709 2499 1767 2529 est

488 2550 761 2598 patrimonium.
815 2548 957 2585 Ramus
981 2555 1105 2585 autern
1137 2550 1367 2586 substantiae
1394 2551 1496 2586 venit
1525 2561 1574 2585 ex
1604 2551 1765 2598 adquisi-

487 2608 593 2644 tione
607 2619 675 2654 per
690 2606 830 2653 species
855 2607 1121 2653 negotiationis.
1174 2607 1321 2644 Deinde
1343 2608 1481 2656 debent
1505 2609 1648 2644 ostendi
1666 2609 1767 2655 leges

488 2665 586 2702 circa
604 2670 815 2702 contractus
834 2665 997 2702 omnium
1021 2665 1225 2712 specierum
1250 2665 1507 2719 negotiationis
1534 2666 1570 2701 in
1596 2667 1767 2710 emendo,

488 2722 697 2765 vendendo,
736 2722 901 2766 locando,
937 2723 1190 2768 conducendo,
1229 2723 1441 2764 mutuando.
1483 2724 1768 2770 commodando,

487 2781 750 2828 expendendo.
777 2782 954 2817 servando
979 2786 1019 2818 et
1048 2781 1268 2829 hujusmodi,
1294 2786 1334 2816 ut
1358 2786 1589 2817 removeatur
1615 2782 1649 2817 in
1676 2793 1765 2818 con-

487 2839 668 2876 tractibus
684 2840 859 2886 quicquid
878 2845 1001 2886 potest
1021 2851 1159 2883 nocere,
1176 2841 1271 2875 sicut
1290 2839 1376 2876 dicit
1395 2839 1596 2879 Avicenna.

526 2915 535 2933 ¹
555 2916 681 2948 istorum.
698 2915 737 2944 n.
1074 2915 1086 2931 ¹
1104 2916 1205 2948 amit,
1221 2915 1256 2944 0.

525 2959 536 2977 ¹
554 2959 712 2995 respublica
726 2960 750 2986 is
763 2960 832 2986 here
847 2958 918 2986 used
931 2960 959 2986 in
973 2959 1022 2986 the
1034 2967 1121 2986 sense
1134 2959 1170 2986 os
1182 2967 1199 2986 ι
1212 2958 1308 2995 public
1320 2959 1396 2986 fund.
