2350 3580
374 3194 445 3207 r..—⁴a

635 698 852 733 uoRALJS
878 699 1205 734 PHILOSOPHJA
1217 713 1230 734 .·
1259 701 1385 735 PARS
1416 701 1598 736 TERTIA.
1689 710 1756 746 355

479 788 638 836 ligemus
665 790 874 836 paupertati
902 801 948 826 eo
977 790 1157 826 minorem
1181 797 1450 828 tormentorum
1475 804 1550 839 quo
1575 792 1753 828 minorem

478 848 700 883 damnorum
725 859 806 884 esse
831 849 1032 884 materiam.
1093 848 1207 884 Erras
1235 849 1333 884 enim
1363 850 1395 886 ei
1421 855 1530 897 putas
1554 849 1755 886 animosius

479 903 704 941 detrimenta
735 906 868 942 divites
901 905 1021 942 serre:
1062 908 1236 943 maximis
1274 907 1507 955 minimisque
1541 907 1754 956 corporibus

480 972 548 1008 par
570 967 628 1000 est
647 963 754 1000 dolor
768 962 938 1000 vulneris.
988 965 1081 1000 Bion
1108 964 1295 1010 eleganter
1314 967 1381 1009 ait,
1396 968 1415 984 ²·
1427 966 1513 1002 Non
1537 966 1656 1001 minus
1673 977 1752 1001 mo-

479 1018 615 1058 lestum
635 1031 716 1058 esse
738 1021 852 1058 calvis
877 1033 990 1068 quarn
1010 1023 1148 1059 crinitis
1172 1022 1269 1069 pilos
1292 1022 1414 1059 velli.''
1432 1051 1440 1059 .
1456 1051 1465 1059 .
1484 1050 1491 1059 .
1509 1022 1755 1060 Tolerabilius

478 1082 538 1114 eet
564 1102 574 1112 .
605 1104 615 1113 .
649 1103 660 1113 .
691 1090 767 1114 non
786 1080 994 1126 „adquirere
1024 1091 1134 1126 quarn
1170 1081 1364 1122 amittere;
1398 1082 1554 1128 ideoque
1583 1081 1754 1118 laetiores

480 1134 624 1172 videbi·
644 1147 739 1182 quos
759 1148 948 1183 nunquam
976 1137 1121 1174 fortuna
1139 1139 1302 1184 respexit
1327 1150 1438 1184 quarn
1463 1150 1558 1184 quos
1580 1139 1752 1174 tle-eruit.

479 1192 587 1229 Vidit
615 1193 687 1230 hoc
711 1194 911 1240 Diogenes,
937 1195 990 1231 vir
1017 1196 1175 1242 ingentis
1209 1197 1332 1237 animi,
1361 1202 1400 1232 et
1431 1196 1553 1232 effecit
1586 1208 1635 1232 ne
1663 1196 1752 1242 quid

477 1251 549 1287 sibi
574 1251 665 1297 eripi
687 1258 821 1299 posset·
870 1252 929 1289 Tu
947 1253 1043 1289 istud
1069 1260 1336 1300 paupertatem,
1361 1256 1532 1301 inopiam,
1550 1259 1753 1301 egestatem

479 1319 582 1351 vom„
613 1310 713 1355 quod
741 1310 844 1346 voles
878 1311 1163 1356 ignominiosum
1195 1312 1382 1348 securitati
1415 1323 1550 1348 nomen
1585 1312 1754 1359 impone;

481 1367 622 1413 putabo
641 1367 739 1403 hune
764 1379 837 1404 non
862 1380 943 1404 esse
963 1368 1114 1414 felicem,
1132 1370 1162 1405 si
1186 1381 1296 1415 quem
1323 1370 1410 1405 mihi
1435 1369 1548 1405 alium
1574 1369 1753 1405 inveneris

479 1424 538 1460 cui
577 1423 668 1460 nihil
701 1430 838 1472 pereat.
905 1425 986 1462 Aut
1019 1437 1090 1473 ego
1123 1426 1242 1467 fallor.
1279 1434 1342 1463 aut
1378 1439 1531 1474 regnum
1567 1432 1623 1463 eet
1661 1428 1754 1463 inter

478 1493 621 1525 avaros,
645 1482 804 1520 latrones
829 1509 838 1517 .
866 1510 875 1518 .
900 1510 906 1517 .
936 1495 1049 1520 unum
1079 1495 1157 1520 esse
1192 1485 1250 1520 cui
1285 1485 1405 1521 noceri
1434 1495 1506 1520 non
1536 1483 1663 1530 possit.
1714 1483 1754 1521 Si

478 1540 561 1586 quis
589 1541 637 1576 de
663 1540 837 1577 felicitate
863 1541 1039 1587 Diogenis
1063 1543 1221 1583 dubitat,
1247 1549 1369 1588 potest
1398 1542 1494 1577 idem
1519 1542 1689 1577 dubitare
1715 1547 1753 1576 et

478 1598 527 1634 de
553 1597 626 1634 Dei
657 1597 895 1634 immortalis²
923 1603 1032 1641 statu.
1059 1611 1106 1635 an
1132 1611 1263 1646 pamm
1290 1601 1397 1636 beate
1423 1601 1545 1646 degat,
1574 1599 1672 1645 quod
1701 1598 1752 1634 ini

481 1666 548 1692 nee
577 1656 728 1702 praedia
755 1667 822 1692 nec
850 1656 948 1692 horti
977 1657 1064 1702 sint,
1080 1668 1147 1694 nec
1168 1657 1290 1693 alieno
1314 1657 1445 1693 colono
1470 1669 1554 1694 rura
1582 1657 1752 1704 pretiosa,

477 1723 545 1751 nec
571 1714 711 1758 grande
737 1714 773 1749 in
798 1714 877 1750 foro
906 1713 1043 1750 foenus.
1093 1715 1181 1751 Non
1208 1720 1245 1750 te
1273 1717 1399 1762 pudet,
1424 1715 1590 1762 quisquis
1615 1714 1753 1750 divitiis

477 1772 657 1818 adstupes
665 1774 682 1807 Ρ
693 1772 832 1817 respice
843 1773 1003 1818 agedum
1019 1774 1197 1808 mundum
1212 1786 1221 1814 ;
1233 1784 1305 1808 non
1316 1773 1458 1808 videbIs
1473 1771 1615 1808 Deum*
1627 1772 1750 1807 omnia

477 1829 640 1874 dantem,
657 1829 747 1865 nihil
769 1829 993 1866 habentem?
1038 1831 1146 1866 Hunc
1168 1835 1208 1866 tu
1235 1841 1433 1876 pauperem
1456 1835 1575 1876 putas,
1598 1839 1645 1865 an
1669 1829 1752 1865 Deo

479 1887 679 1924 immortali
695 1887 934 1935 similem‚qui
953 1899 992 1924 se
1010 1887 1168 1924 fortuitis
1185 1888 1356 1924 omnibus
1374 1887 1476 1924 exuit
1487 1891 1503 1924 Ρ
1537 1887 1752 1924 Feliciorem

477 1945 658 1980 divitem⁸
685 1949 819 1991 putas?
845 1971 861 1985 .,
881 1971 890 1980 .
917 1972 925 1980 ,
951 1946 1108 1992 Diogeni
1141 1957 1267 1981 servus
1301 1946 1427 1981 unicus
1450 1945 1551 1991 sugit.
1577 1957 1643 1981 nec
1667 1955 1752 1980 eum

478 2003 662 2043 reducere,
679 2014 763 2038 cum
780 2008 1054 2048 monstraretur,
1071 2005 1164 2039 tanti
1191 2004 1343 2050 putavit.
1394 2003 1518 2050 Turpe
1541 2008 1607 2048 est,
1625 2003 1754 2048 inquit,

478 2058 617 2096 Manen
642 2060 720 2096 aine
741 2060 908 2107 Diogene
929 2073 1037 2108 posse
1057 2061 1187 2101 vivere,
1206 2061 1413 2107 Diogenem
1437 2060 1515 2096 sine
1541 2060 1653 2096 Mane
1678 2070 1751 2095 non

479 2126 598 2163 posse.
648 2117 806 2154 videtur
830 2119 920 2155 mihi
941 2119 1103 2163 dixisse;
1133 2118 1222 2165 Age
1246 2123 1351 2155 tuum
1376 2118 1578 2165 negotium,
1595 2118 1751 2154 fortuna,

482 2174 582 2210 Nihil
600 2177 699 2222 apud
719 2176 923 2222 Diogenem
939 2177 1017 2222 jam
1034 2178 1086 2212 tui
1105 2182 1170 2212 est.
1224 2176 1333 2222 Fugit
1352 2176 1442 2211 mihi
1456 2178 1609 2211 servus?
1636 2175 1751 2210 immo

480 2233 574 2269 liber
598 2233 701 2269 abiit.
719 2259 728 2268 .
747 2260 755 2269 .
775 2261 784 2269 .
803 2233 879 2270 Sed
904 2235 1078 2280 quoniam
1104 2246 1175 2269 non
1208 2240 1263 2269 est
1294 2233 1401 2269 nobis
1425 2239 1572 2269 tantum
1603 2233 1752 2271 roboris.

478 2291 711 2337 auguntanda
729 2289 861 2339 [certe]
882 2297 967 2328 sunt
986 2292 1215 2338 patrimonia.
1234 2298 1273 2327 ut
1296 2291 1416 2327 minus
1434 2291 1483 2327 ad
1509 2290 1656 2336 injurias
1681 2290 1752 2325 for-

478 2353 591 2384 tunae
615 2349 729 2385 simus
749 2349 923 2394 expositi.
974 2349 1168 2384 Habiliora
1194 2354 1279 2384 sunt
1299 2359 1450 2394 corpora
1475 2348 1512 2383 in
1538 2348 1634 2382 bella
1658 2358 1753 2393 quae

479 2407 518 2442 in
538 2417 642 2442 arma
661 2418 728 2442 sua
751 2407 920 2442 contrahi
942 2412 1105 2453 possunt,
1125 2417 1236 2453 quam
1261 2417 1355 2452 quae
1382 2404 1693 2451 superfunduntur
1714 2411 1752 2440 et

478 2463 641 2510 undique
658 2464 876 2510 magnitudo
897 2474 963 2500 sua
979 2463 1188 2500 vulneribus
1205 2463 1363 2510 objecit:
1389 2464 1552 2510 optimus
1574 2462 1753 2508 pecuniae

479 2520 614 2556 modus
629 2527 686 2557 est
702 2522 765 2569 qui
782 2533 851 2558 nec
867 2522 903 2556 in
921 2528 1181 2568 paupertatem
1204 2521 1312 2563 cadit,
1331 2531 1395 2555 nec
1412 2519 1538 2567 procul
1554 2531 1577 2555 a
1594 2531 1751 2567 pauper·

478 2583 558 2614 tate
573 2579 740 2617 discedit.

528 2635 712 2672 'Placebit
736 2642 861 2672 autem
885 2636 978 2672 haee
1002 2637 1110 2672 nobis
1137 2646 1314 2676 mensura,
1342 2635 1372 2671 si
1403 2634 1502 2681 prius
1526 2634 1753 2681 parcimonia
1765 2640 1835 2675 cip.
1850 2651 1878 2676 ⁹·

478 2692 669 2740 placuerit,
692 2693 772 2730 sine
795 2704 869 2740 qua
895 2704 961 2729 nec
989 2693 1082 2729 ullae
1108 2704 1199 2738 opes
1229 2692 1413 2729 sufficiunt
1439 2717 1446 2726 .
1469 2717 1477 2726 .
1503 2717 1512 2726 .
1537 2692 1752 2738 praesertim

478 2761 567 2787 cum
580 2750 618 2787 in
632 2750 751 2786 vicino
768 2751 970 2786 remedium
988 2752 1045 2790 sit.
1062 2757 1100 2786 et
1118 2751 1235 2797 possit
1253 2751 1332 2796 ipsa
1346 2754 1543 2796 paupertas
1555 2750 1592 2784 in
1605 2749 1753 2784 divitias

476 2816 528 2851 se,
559 2806 738 2845 advocata
772 2809 989 2855 frugalitate,
1022 2814 1243 2843 convertere.
1293 2806 1561 2842 Assuescamus
1592 2818 1614 2841 a
1647 2805 1753 2842 nobis

518 2902 527 2919 ¹
545 2901 672 2930 ῡεοηιιι
684 2901 881 2929 immortalium
897 2901 1042 2935 (Seneca).
1175 2901 1188 2916 ¹
1207 2901 1317 2928 Seneca
1330 2900 1391 2933 bn,
1407 2900 1498 2927 nudos
1511 2899 1623 2926 videbis
1634 2900 1714 2927 deos.

515 2946 526 2963 ²
546 2944 660 2974 Senem
671 2945 734 2981 baa,
746 2945 923 2973 Demetrium
937 2944 1149 2979 Pompeianum.

488 3024 519 3046 n
529 3025 668 3053 nia-nn
