2350 3580
603 709 648 735 22
855 699 1029 734 OPERIS
1053 697 1264 738 MAJORJS
1290 697 1420 730 PARS
1445 694 1636 738 QUINTA.

604 801 788 827 concavae
821 789 1029 837 superficiei
1066 776 1355 826 emolidativae
1394 791 1431 823 et
1469 796 1624 823 corneae
1654 789 1743 821 sunt
1773 782 1889 825 idem,

605 853 757 896 propter
770 848 853 890 hoc,
876 847 979 895 quod,
999 858 1065 895 per
1084 846 1328 882 demtionem
1351 855 1465 881 uveae
1487 856 1511 880 a
1533 843 1656 879 medio
1678 840 1890 879 consolida-

605 906 717 942 tionis
732 905 897 941 ostendit
912 916 1043 940 uveam
1061 904 1196 941 habere
1212 903 1312 939 aliud
1327 907 1493 939 centrum
1506 911 1530 937 a
1543 905 1669 938 centro
1681 910 1836 936 corneae
1847 902 1890 935 et

606 960 720 998 totius
752 960 861 997 oculi.
923 959 999 997 Sed
1031 959 1231 996 dicendum
1264 963 1332 1000 eat,
1365 958 1467 1004 quod
1492 956 1654 992 exterior
1676 954 1890 1002 superficies

607 1017 896 1054 consolidativae
908 1029 983 1054 non
997 1022 1051 1054 est
1064 1016 1294 1053 concentrica
1310 1014 1482 1055 interiori.
1496 1020 1537 1050 ut
1550 1019 1654 1060 patet
1667 1025 1676 1059 ;
1692 1024 1759 1049 nec
1770 1012 1888 1049 etiam

608 1075 759 1112 interior
777 1080 832 1112 eet
852 1074 1043 1121 sphaerica
1061 1074 1181 1121 plene,
1199 1073 1285 1120 quia
1302 1073 1420 1121 replet
1436 1072 1598 1120 spatium
1624 1070 1688 1107 ubi
1714 1081 1889 1117 separan-

608 1139 670 1170 tur
692 1144 826 1170 cornea
850 1138 889 1170 et
914 1143 1019 1174 uvea,
1043 1138 1196 1179 propter
1219 1132 1320 1178 quod
1345 1131 1532 1177 egreditur
1556 1141 1578 1165 a
1600 1133 1701 1165 recta
1724 1127 1892 1174 sphaeri-

608 1191 730 1237 estate,
748 1195 787 1227 et
802 1190 992 1226 descendit
1010 1190 1059 1226 ad
1079 1190 1229 1226 interius
1243 1188 1341 1225 oculi
1359 1189 1396 1224 In
1416 1188 1476 1224 illa
1498 1192 1604 1233 parte
1629 1186 1747 1232 magis
1773 1196 1889 1232 quam

609 1248 707 1292 alibi,
731 1253 769 1284 et
794 1248 877 1284 ideo
903 1259 1034 1284 cornea
1059 1252 1098 1284 et
1122 1247 1273 1283 interior
1299 1245 1565 1282 consolidativa
1590 1255 1665 1281 non
1691 1249 1778 1280 sunt
1800 1253 1892 1280 cou-

609 1306 802 1342 centricae-
868 1305 943 1342 Sed
992 1305 1023 1341 si
1070 1305 1228 1351 sphaera
1274 1309 1441 1350 utraque,
1481 1303 1618 1340 scilicet
1672 1312 1805 1339 corna
1853 1306 1895 1336 et

610 1364 886 1408 consolidativa,
903 1363 1161 1410 compleretur,
1178 1369 1268 1400 tunc
1281 1363 1422 1408 J'aoeret
1443 1373 1574 1399 cornea
1598 1362 1634 1396 in
1661 1359 1895 1396 concavitate

612 1421 909 1464 consolidativae,
942 1427 980 1458 et
1012 1426 1138 1457 essent
1170 1422 1321 1457 interior
1354 1420 1641 1456 consolidauvae
1667 1425 1706 1454 et
1729 1416 1896 1454 exterior

612 1490 768 1515 corneae
783 1480 1043 1515 concentricae„
1097 1479 1147 1515 Et
1170 1490 1254 1515 cum
1279 1479 1490 1525 superficies
1506 1478 1668 1514 exterior
1687 1474 1894 1513 consolida-

613 1537 711 1573 tivae
739 1542 779 1573 et
795 1537 946 1573 interior
959 1549 1032 1573 non
1050 1542 1134 1573 sunt
1152 1537 1416 1580 concentricae,
1435 1536 1547 1573 ctiam
1565 1535 1725 1572 exterior
1736 1543 1896 1570 corneae

614 1600 652 1631 et
672 1595 837 1631 exterior
861 1594 1149 1631 consolidativae
1170 1606 1245 1630 non
1263 1599 1369 1630 erunt
1387 1595 1652 1631 concentricae.
1703 1594 1754 1630 Et
1776 1594 1895 1630 etiam

614 1653 703 1698 quia,
735 1652 1001 1688 consolidativa
1028 1664 1103 1688 non
1132 1652 1245 1688 habet
1275 1652 1473 1698 perfectam
1503 1652 1799 1699 sphaericitatem
1825 1663 1896 1687 ex-

613 1710 737 1753 terius.
769 1714 810 1746 ut
850 1710 940 1746 dicit
970 1709 1150 1753 Alhazen,
1177 1710 1299 1746 tendit
1330 1710 1430 1746 enim
1464 1710 1500 1745 in
1532 1722 1601 1746 suo
1639 1710 1813 1746 anteriori
1847 1711 1896 1747 ad

615 1767 828 1810 acuitatem,
848 1772 886 1804 et
916 1767 1001 1804 ideo
1027 1778 1100 1803 non
1130 1773 1228 1804 recte
1254 1767 1365 1804 habet
1394 1773 1571 1808 centrum,
1605 1781 1627 1805 a
1656 1778 1732 1814 quo
1764 1778 1898 1804 omnen

616 1824 735 1860 lineae
767 1826 900 1861 ductae
933 1826 982 1860 ad
1013 1825 1343 1861 circumferentiam
1381 1831 1467 1860 sunt
1498 1826 1683 1872 aequales,
1709 1826 1794 1862 ideo
1826 1836 1897 1861 nec

617 1887 723 1918 extra
756 1894 823 1918 nec
850 1883 947 1918 intra
971 1885 1028 1918 eet
1052 1894 1185 1929 corpus
1210 1894 1296 1918 vere
1321 1883 1564 1929 sphaericum,
1589 1888 1627 1919 et
1654 1884 1737 1919 ideo
1762 1885 1794 1919 ei
1820 1895 1897 1919 non

617 1940 826 1986 assignatur
857 1946 1023 1976 centrum
1059 1940 1105 1976 ab
1139 1940 1321 1976 Alhazen.
1372 1940 1434 1978 Sic
1458 1947 1583 1978 tamen
1609 1947 1734 1988 potest
1749 1943 1898 1978 *habere

618 2004 795 2045 punctum
823 1997 941 2034 simile
968 2003 1101 2042 centro,
1130 1998 1232 2044 quod
1259 1998 1329 2035 erit
1354 1998 1505 2046 ulterius
1532 2000 1567 2036 in
1594 1999 1776 2046 profundo
1800 1999 1897 2037 oculi

619 2055 739 2101 magis
764 2066 877 2101 quam
908 2061 1074 2091 centrum
1099 2056 1256 2101 alicujus
1281 2056 1441 2098 alterius,
1465 2063 1507 2094 ut
1532 2058 1674 2102 patebit
1701 2058 1736 2094 in
1767 2057 1898 2105 figura.

622 2112 664 2149 Si
697 2118 821 2148 tamen
857 2112 1027 2149 volumus
1058 2114 1174 2149 vitare
1201 2125 1352 2149 omnem
1382 2115 1665 2156 contentionem.
1701 2127 1899 2161 possumus

619 2171 741 2207 dicere
759 2171 861 2216 quod
879 2170 1088 2216 superficies
1106 2171 1394 2208 consolidativa
1412 2173 1573 2209 exterior
1589 2184 1663 2209 non
1676 2178 1732 2209 est
1745 2174 1900 2211 omnino

619 2227 819 2274 sphaerica,
848 2228 944 2263 sicut
977 2229 1091 2264 totius
1124 2229 1232 2270 oculi,
1259 2229 1347 2276 quia
1381 2230 1649 2276 aliquantulum
1685 2231 1828 2267 acuitur
1862 2230 1900 2267 in

619 2285 792 2321 anteriori
835 2291 948 2332 parte,
986 2291 1023 2321 et
1059 2287 1110 2321 sic
1145 2297 1219 2321 non
1252 2287 1401 2322 habebit
1434 2294 1536 2323 totus
1568 2289 1698 2324 oculus
1729 2296 1900 2325 centrum

621 2342 808 2390 sphaerae,
841 2354 908 2380 nec
941 2342 1152 2390 superficies
1185 2344 1348 2380 exterior
1379 2344 1675 2382 consolidativae.
1736 2347 1777 2383 Si
1810 2359 1902 2384 vero

621 2401 772 2437 interior
803 2400 1014 2448 superficies
1048 2401 1334 2438 consolidativa
1367 2403 1414 2438 sit
1454 2403 1656 2450 sphaerica,
1695 2410 1783 2441 tunc
1824 2417 1902 2442 non

621 2458 739 2504 replet
761 2459 861 2504 quod
888 2458 1101 2504 replendum
1128 2464 1223 2495 esset
1250 2460 1345 2495 inter
1367 2471 1540 2497 corneam
1565 2467 1603 2498 et
1629 2473 1772 2498 uveam.
1823 2462 1903 2500 Sed

621 2515 679 2551 vel
697 2527 828 2552 cumea
850 2515 1034 2552 contrahit
1060 2528 1100 2552 se
1125 2517 1172 2552 ad
1201 2518 1430 2563 superficiem
1452 2530 1574 2563 uveae,
1592 2527 1630 2555 et
1656 2520 1904 2567 profundatur

624 2573 843 2610 declinando
858 2585 881 2610 a
898 2584 983 2609 vera
1001 2573 1270 2620 sphaerieitate,
1289 2582 1545 2622 praeterquam
1565 2578 1601 2613 in
1614 2578 1783 2614 anteriori
1796 2585 1903 2624 parte

622 2642 719 2678 quae
735 2630 906 2677 objicitur
921 2630 1099 2674 foramini,
1114 2631 1172 2667 vel
1192 2643 1285 2669 uvea
1302 2644 1342 2669 se
1364 2634 1505 2671 exaltat
1530 2641 1567 2672 et
1591 2636 1669 2671 exit
1687 2637 1723 2671 in
1740 2635 1905 2682 gibbosi-

623 2694 739 2725 tatem
781 2689 943 2724 exterius
992 2689 1250 2735 derelinquens
1288 2702 1412 2726 veram
1454 2693 1758 2738 sphaericitatem.
1825 2693 1903 2732 Sed

625 2745 792 2792 quamvis
818 2751 941 2782 centra
968 2746 1041 2782 sint
1068 2747 1210 2783 diversa
1231 2749 1265 2783 ln
1292 2749 1456 2795 partibus
1481 2751 1585 2793 oculi,
1618 2757 1743 2786 tamen
1776 2753 1903 2790 omnia

625 2810 711 2840 sunt
741 2804 778 2839 in
808 2803 937 2839 eadem
970 2803 1074 2848 linea,
1099 2815 1194 2851 quae
1228 2811 1283 2842 est
1310 2806 1618 2853 perpendicularis
1643 2820 1754 2855 super
1777 2814 1903 2846 totum

626 2861 775 2897 oculum
801 2865 839 2897 et
868 2866 990 2907 partes
1010 2873 1150 2903 omneS,
1172 2874 1270 2908 quae
1289 2864 1421 2901 transit
1443 2876 1509 2911 per
1532 2866 1694 2902 medium
1718 2865 1907 2906 foraminis

625 2930 749 2961 uveae,
777 2924 815 2955 et
844 2930 910 2966 per
934 2925 1060 2955 centra
1088 2921 1265 2965 omnium,
1293 2932 1336 2957 ac
1365 2934 1432 2968 per
1461 2924 1623 2960 medium
1654 2923 1838 2962 foraminis
1865 2926 1905 2964 in
