2350 3580
597 700 642 736 52
843 692 1015 725 OPERIS
1040 691 1250 731 MAJORJS
1274 690 1404 725 PARS
1429 688 1621 733 QUINTA.

599 790 730 822 aarum.
783 781 832 818 Et
849 781 935 818 ideo
954 781 1185 822 Aristotelen.
1203 781 1267 828 qui
1290 780 1406 818 voluit
1430 780 1628 818 certificare
1651 779 1699 816 de
1719 777 1880 826 angulis

599 840 800 876 secundum
826 839 1109 886 possibilitatem
1141 839 1199 875 sui
1232 839 1416 885 temporis,
1440 838 1646 886 reprobavit
1678 841 1881 883 utramque

600 897 808 943 opinionem
837 898 885 933 de
919 897 1009 939 visu,
1032 896 1170 932 scilicet
1210 896 1427 938 Stoicorum,
1461 896 1524 942 qui
1555 899 1756 942 posuerunt
1786 904 1879 930 eum

599 960 744 990 tantum
769 965 850 990 esse
874 955 1068 1001 passivum,
1092 959 1131 990 et
1165 955 1447 996 Platonicorum,
1470 954 1534 1000 qui
1567 952 1758 989 voluerunt
1787 962 1880 988 ene

599 1017 741 1049 tantum
775 1011 835 1048 vel
870 1011 1117 1058 principaliter
1154 1012 1316 1048 activum
1352 1017 1390 1048 et
1421 1022 1583 1047 erronee.
1651 1009 1727 1047 Sed
1759 1018 1879 1047 unam

599 1070 736 1106 scilicet
755 1069 961 1106 Stoicorum
979 1069 1071 1105 libro
1088 1069 1138 1106 de
1151 1068 1385 1105 Animalibus
1403 1069 1567 1110 destruit,
1583 1068 1693 1104 aliam
1712 1066 1880 1103 Platoni·

601 1138 726 1163 corum
753 1127 846 1163 libro
870 1127 918 1162 de
941 1126 1090 1170 Anima,
1114 1127 1210 1162 sicut
1236 1127 1282 1162 ei'
1297 1127 1445 1173 placuit.
1495 1126 1698 1162 Exercitati
1723 1133 1813 1161 vero
1837 1124 1880 1161 in

601 1183 835 1231 philosophia
858 1182 1070 1220 Aristotelis
1085 1190 1124 1220 et
1148 1184 1343 1230 praecipue
1363 1185 1401 1220 in
1422 1183 1653 1230 perspectiva
1676 1183 1880 1231 aestimant

601 1243 701 1288 quod
724 1242 821 1277 visus
846 1247 902 1277 est
926 1241 1063 1277 activus
1085 1246 1123 1276 et
1145 1241 1321 1288 passivus.
1372 1241 1471 1276 Nam
1494 1240 1618 1286 recipit
1642 1239 1803 1286 speciem
1825 1239 1882 1275 rei

600 1300 712 1342 visae,
737 1305 775 1334 et
799 1299 884 1334 facit
910 1310 1014 1334 suam
1040 1299 1212 1334 virtutem
1247 1299 1282 1334 in
1318 1298 1476 1334 medium
1508 1309 1624 1344 usque
1647 1298 1694 1334 ad
1727 1295 1885 1333 visibile.

604 1356 787 1403 Quoniam
812 1356 1068 1403 multiplicatio
1101 1356 1234 1402 speciei
1261 1356 1308 1392 ad
1341 1368 1490 1393 ornnem
1515 1354 1731 1392 distantiam
1756 1359 1815 1390 ατ
1839 1354 1881 1391 in

604 1415 761 1456 instar-ui,
781 1421 819 1450 ut
838 1414 959 1461 plures
974 1414 1181 1458 aestimant,
1195 1414 1254 1450 vel
1273 1414 1390 1461 magis
1405 1414 1442 1450 in
1467 1419 1636 1460 ternpore
1663 1412 1728 1447 sed
1750 1416 1884 1448 nmen

604 1472 811 1514 insensibili,
828 1479 866 1508 et
882 1472 974 1508 latet
990 1483 1137 1507 sensum
1156 1472 1227 1507 hoc
1243 1479 1390 1519 tempus
1407 1476 1556 1519 propter
1572 1470 1628 1506 sui
1645 1469 1883 1516 parvitatem.

1070 1613 1283 1651 CAH-rum]
1290 1623 1321 1650 M
1350 1613 1412 1650 IV.

930 1709 974 1745 In
994 1721 1070 1756 quo
1088 1709 1252 1745 redditur
1269 1709 1362 1745 ratio
1379 1709 1551 1746 veritatis.

421 1816 508 1843 Fatue
656 1805 707 1840 Et
740 1804 832 1840 ratio
867 1803 908 1840 fit
941 1803 1050 1850 hujus
1087 1805 1288 1850 positionis,
1319 1805 1421 1851 quod
1459 1804 1581 1840 omnis
1612 1815 1670 1839 res
1707 1803 1889 1840 naturalis

420 1851 520 1915 *ΙῙΙᾚΓ
606 1860 766 1908 complet
786 1873 891 1897 suam
912 1861 1092 1898 actionem
1113 1874 1176 1908 per
1194 1863 1312 1898 solam
1327 1862 1501 1898 virtutem
1525 1873 1629 1898 suam
1654 1867 1692 1898 et
1712 1855 1889 1908 specimi.

421 1923 564 1966 tamensi-7
608 1925 648 1956 ut
672 1918 728 1955 sol
755 1924 791 1955 et
817 1925 961 1955 caetera
986 1918 1160 1955 coelestia
1185 1931 1250 1966 per
1271 1931 1356 1955 suas
1376 1919 1530 1956 virtutes
1554 1919 1736 1955 immissas
1762 1919 1799 1955 in
1827 1929 1889 1956 reo

422 1959 593 2031 {ffffysskffigt
610 1976 735 2011 mundi
752 1982 906 2012 causant
927 1977 1199 2024 generationem
1218 1983 1253 2013 et
1272 1979 1543 2024 corruptionem
1560 1989 1703 2019 rerum;
1727 1980 1765 2012 et
1782 1975 1889 2012 simi-

422 2033 493 2074 swJu
506 2036 595 2068 ‘5⁶⁸⁰
608 2034 690 2070 liter
719 2046 775 2069 res
805 2034 999 2077 inferiores,
1028 2039 1068 2069 ut
1094 2035 1189 2080 ignis
1214 2046 1283 2078 per
1312 2047 1416 2071 suam
1445 2036 1616 2071 virtutem
1645 2035 1820 2075 exsiccat.
1847 2039 1891 2071 et

424 2069 524 2105 uiuent.
610 2092 801 2134 consumit,
828 2097 863 2128 et
890 2091 1006 2128 multa
1032 2091 1128 2128 sarni:-¹
1182 2093 1231 2128 Et
1256 2093 1341 2129 ideo
1365 2100 1514 2138 oportet
1532 2093 1634 2138 quod
1656 2093 1755 2128 visus
1778 2091 1891 2129 faciat

610 2150 859 2196 operationem
877 2149 1024 2186 videndi
1042 2161 1105 2195 per
1123 2161 1228 2186 suam
1244 2150 1430 2187 virtutem.
1472 2150 1547 2187 Sed
1565 2150 1728 2196 operatio
1742 2149 1894 2186 videndi

610 2212 667 2242 est
692 2209 792 2242 certa
821 2207 981 2253 cognitio
1006 2206 1157 2242 visibilis
1183 2208 1367 2249 distantis,
1396 2213 1433 2242 et
1463 2208 1546 2244 ideo
1574 2208 1672 2243 visus
1697 2207 1894 2254 cognoscit

610 2263 750 2300 visibile
781 2276 845 2311 per
867 2276 972 2300 suam
1001 2265 1174 2301 virtutem
1208 2265 1487 2311 multiplicatam
1514 2265 1561 2301 ad
1587 2265 1716 2311 ipsum.
1777 2264 1891 2300 Prae-

613 2328 712 2358 terea
728 2321 866 2368 species
884 2333 1003 2358 rerum
1030 2322 1154 2358 mundi
1179 2334 1252 2358 non
1272 2328 1356 2358 sunt
1379 2328 1487 2358 natae
1510 2322 1634 2358 statim
1649 2322 1698 2358 de
1718 2333 1759 2358 se
1778 2332 1894 2368 agere

614 2380 659 2416 ad
679 2379 825 2425 plenam
846 2379 1023 2415 actionem
1050 2379 1085 2414 in
1105 2380 1356 2439 visuhpropter
1381 2380 1458 2427 ejus
1483 2379 1724 2417 nobilitatem.
1776 2379 1895 2418 Unde

615 2441 761 2484 oportet
788 2438 888 2482 quod
912 2437 1085 2483 juventur
1105 2442 1143 2472 et
1165 2438 1372 2473 excitentur
1392 2449 1457 2483 per
1481 2438 1639 2484 speciem
1665 2438 1769 2479 oculi,
1794 2448 1896 2484 quae

616 2494 761 2530 incedat
795 2494 830 2530 in
863 2494 946 2530 loco
979 2494 1181 2540 pyramidis
1214 2495 1371 2538 visualis,
1407 2501 1445 2531 et,
1483 2494 1612 2530 alteret
1652 2495 1814 2531 medium
1847 2506 1895 2531 ac

616 2551 792 2594 nobilitet,
810 2557 847 2586 et
871 2552 1001 2586 reddat
1021 2551 1140 2598 ipsurn
1158 2553 1432 2598 proportionale
1447 2552 1549 2593 visui,
1566 2558 1604 2587 et
1625 2553 1675 2587 sic
1697 2558 1898 2599 praeparet

615 2610 795 2645 incessum
820 2609 952 2655 speciei
977 2610 1088 2655 ipsius
1114 2610 1163 2644 rei
1191 2609 1345 2651 visibilis,
1372 2615 1408 2645 et
1433 2610 1581 2655 insuper
1605 2620 1687 2645 eam
1714 2609 1897 2653 nobilitet,

617 2673 658 2702 ut
681 2666 830 2702 omnino
856 2665 901 2702 sit
927 2666 1121 2702 conformis
1145 2672 1183 2702 et
1215 2666 1494 2713 proportionalis
1525 2666 1704 2703 nobilitati
1729 2667 1898 2715 corporis

617 2723 775 2762 animati.
792 2724 890 2770 quod
910 2730 966 2760 est
986 2724 1123 2760 oculus.
1168 2723 1245 2760 Sed
1263 2725 1432 2770 quoniam
1451 2725 1539 2761 haec
1557 2724 1692 2771 positio
1708 2730 1765 2762 est
1780 2724 1899 2761 dubia

619 2781 752 2823 multis,
770 2782 852 2817 ideo
870 2789 1014 2829 praeter
1037 2781 1299 2818 verificationes
1325 2793 1419 2817 nunc
1443 2782 1587 2818 habitas
1614 2782 1763 2818 afferam
1788 2793 1898 2818 veras

618 2846 655 2875 et
681 2844 797 2875 certas
815 2839 1059 2886 experientias
1083 2839 1334 2880 multiformes,
1357 2840 1558 2875 secundum
1576 2840 1676 2886 quod
1693 2839 1727 2875 in
1745 2839 1900 2876 diversis

618 2895 706 2933 locis
724 2903 914 2933 occurrent
928 2896 1072 2933 inferius
1084 2897 1180 2934 circa
1196 2896 1285 2934 alias
1303 2897 1563 2940 conclusiones,
1578 2909 1674 2944 quae
1693 2899 1903 2936 necessario
