2350 3580
595 711 954 746 PERSPECTIVAE
980 711 1108 745 PARS
1138 709 1387 745 SECUNDA:
1424 709 1545 744 DIST.
1575 709 1603 742 1.
1695 719 1738 751 91

466 803 550 838 ideo
568 803 601 838 ei
619 808 771 851 apparet
790 815 860 839 una
881 815 939 839 res
963 804 1068 840 duae.
1119 803 1230 839 Hanc
1254 813 1401 839 causam
1425 807 1583 848 tangunt
1607 801 1739 838 medici

466 861 502 896 in
519 860 620 898 libris
636 868 674 897 et
690 862 823 898 docent
841 862 1074 906 curationem,
1092 867 1132 898 ut
1149 874 1216 910 per
1233 861 1460 898 Avicennam
1478 866 1583 909 patet
1599 861 1636 897 In
1653 871 1739 897 cura

465 919 570 955 oculi.
621 919 731 966 Quod
755 920 787 956 si
810 931 883 957 non
903 920 1140 968 contingeret,
1157 921 1372 957 aestimatur
1392 920 1490 966 quod
1515 924 1640 966 potest
1662 919 1738 955 fieri

466 977 526 1011 hic
544 978 721 1024 deceptio.
773 978 823 1014 Et
840 990 928 1014 vero
948 978 1052 1014 aliter
1071 979 1232 1014 creditur
1248 990 1356 1025 posse
1376 978 1453 1013 fieri
1474 978 1739 1024 apparitionem

466 1034 620 1071 duorum
646 1048 695 1072 ex
719 1047 775 1080 eu,
792 1038 893 1082 quod
910 1037 1008 1072 visus
1030 1036 1071 1072 fit
1097 1036 1397 1076 extramittendo,
1416 1040 1454 1071 et
1478 1036 1575 1082 quod
1601 1034 1743 1081 species

466 1098 589 1139 potest
618 1093 741 1140 aliquo
776 1093 886 1130 modo
914 1094 1039 1130 videri.
1089 1094 1189 1130 Nam
1219 1099 1303 1130 sunt
1336 1093 1442 1129 multi
1471 1093 1649 1134 homines,
1678 1092 1741 1139 qui

466 1162 578 1197 quum
597 1152 776 1199 aspiciunt
792 1152 952 1198 aliquam
971 1163 1048 1188 rem
1065 1163 1188 1193 unam.
1204 1157 1382 1200 apparent
1402 1151 1454 1188 eis
1476 1151 1582 1191 duae,
1604 1156 1642 1187 et
1667 1161 1742 1186 non

466 1215 523 1244 oet
557 1215 708 1257 propter
739 1210 927 1246 oculorum
961 1210 1227 1253 diversitatem,
1255 1210 1430 1257 quoniam
1465 1209 1495 1244 si
1527 1221 1602 1245 uuo
1634 1208 1740 1244 oculo

466 1267 645 1312 aspiciant
663 1268 759 1303 idem
778 1268 830 1303 eis
846 1268 988 1304 accidit.
1041 1267 1128 1304 Uno
1150 1279 1240 1313 ergo
1260 1267 1367 1303 oculo
1383 1267 1511 1303 vident
1530 1268 1605 1303 duo
1623 1266 1742 1302 omni-

466 1324 537 1359 bus
566 1325 681 1361 causis
706 1324 866 1361 exclusis
892 1325 1098 1372 praedietis.
1147 1324 1387 1372 Quapropter
1407 1336 1479 1360 non
1506 1330 1627 1370 potest
1652 1335 1743 1366 esse,

466 1381 536 1416 nisi
554 1381 610 1416 vel
633 1382 719 1428 quia
735 1383 876 1428 species
897 1383 957 1424 rei.
972 1383 1061 1419 dum
1079 1382 1121 1419 fit
1138 1394 1254 1430 prope
1271 1393 1359 1425 rem,
1376 1388 1433 1419 est
1450 1382 1576 1419 sortior
1598 1387 1636 1417 et
1661 1381 1743 1427 plus

468 1439 581 1474 habet
599 1440 646 1475 de
661 1445 792 1475 natura
808 1441 870 1484 rei,
887 1445 926 1476 et
946 1441 1028 1476 ideo
1047 1441 1163 1486 magis
1188 1444 1243 1476 est
1265 1440 1447 1476 sensibilis
1470 1451 1581 1485 quam
1598 1439 1745 1485 longius

468 1496 721 1544 multiplicata.
771 1497 866 1534 cum
892 1509 981 1545 ergo
1008 1498 1121 1534 homo
1150 1496 1285 1534 habeat
1319 1496 1458 1534 debiles
1491 1496 1629 1541 σει-1103,
1654 1502 1743 1532 tunc

467 1554 581 1589 virtus
599 1565 670 1590 non
688 1554 806 1591 solum
823 1556 1023 1592 secundum
1043 1567 1083 1591 se
1099 1562 1155 1592 est
1170 1555 1316 1598 debilis,
1332 1555 1397 1591 sed
1416 1555 1532 1602 magis
1550 1555 1743 1591 debilitata

466 1623 515 1646 ex
533 1612 706 1647 distantia
721 1613 836 1649 stabit
856 1614 902 1650 ad
921 1614 1079 1661 speciem
1099 1614 1148 1649 rei
1165 1625 1282 1661 prope
1302 1625 1395 1657 eam,
1412 1618 1450 1649 et
1467 1613 1530 1649 fiet
1552 1613 1692 1658 species
1709 1613 1743 1647 ei

466 1680 534 1714 pro
560 1669 718 1715 objecto,
741 1675 783 1706 ut
812 1671 1026 1707 terminetur
1049 1671 1164 1707 virtus
1193 1671 1323 1707 debilis
1352 1672 1401 1707 ad
1431 1670 1543 1712 illam.
1567 1671 1663 1706 sicut
1696 1671 1743 1706 ad

467 1737 639 1774 vaporem
657 1727 872 1764 terminatur
887 1728 986 1764 visus
1003 1741 1051 1764 ex
1068 1729 1245 1765 distantia
1261 1728 1482 1764 debilitatus.
1523 1727 1598 1764 Sed
1616 1727 1745 1764 oculus

466 1783 573 1818 fortis
594 1790 761 1830 penetrat
777 1796 910 1829 aerem,
927 1786 962 1820 in
979 1797 1053 1832 quo
1070 1791 1126 1820 est
1150 1786 1290 1833 speci&
1314 1797 1430 1832 prope
1455 1797 1541 1828 rem,
1561 1791 1597 1821 et
1623 1784 1744 1820 occul-

466 1847 566 1876 tatur
581 1843 615 1877 ei
633 1843 772 1889 species
790 1848 939 1890 propter
956 1843 1205 1879 fortitudinem
1223 1844 1330 1885 visus,
1347 1844 1441 1878 sicut
1461 1855 1576 1889 vapor
1600 1843 1636 1878 in
1663 1854 1745 1878 aere

467 1909 584 1946 prope
606 1899 752 1936 oculum
775 1900 977 1936 occultatur
997 1906 1035 1936 et
1053 1906 1265 1947 penetratur
1285 1906 1436 1947 propter
1451 1900 1616 1946 vigorem
1638 1899 1745 1935 oculi.

469 1956 519 1991 Et
537 1957 626 1993 illud
652 1957 942 2004 frequentissime
961 1959 1104 1995 accidet
1129 1957 1339 1994 hominibus
1359 1957 1581 1994 habentibus
1605 1957 1745 1994 debiles

468 2014 604 2058 oculos,
630 2015 795 2050 maxime
821 2016 959 2052 scilicet
988 2017 1137 2062 quando
1163 2016 1390 2062 negligenter
1412 2016 1550 2052 vident.
1602 2015 1654 2051 Et
1678 2014 1746 2050 ali-

466 2073 617 2118 quando
633 2073 799 2108 homines
817 2073 997 2109 habentes
1019 2074 1137 2109 bonos
1154 2073 1281 2109 oculos
1299 2074 1435 2110 cadunt
1461 2085 1609 2119 quoquo
1632 2073 1745 2108 modo

468 2129 506 2165 in
533 2130 641 2166 istam
667 2131 886 2177 passionem.
912 2131 1061 2177 quando
1090 2131 1232 2167 scilicet
1261 2131 1560 2178 negligentissimi
1589 2136 1674 2167 sunt
1707 2130 1745 2166 in

468 2187 628 2223 videndo
652 2194 690 2223 et
715 2189 859 2223 oculum
888 2189 1164 2232 semiclaudum,
1191 2194 1230 2225 et
1253 2194 1339 2225 sunt
1368 2189 1436 2234 ipsi
1462 2194 1501 2225 et
1525 2199 1582 2223 res
1607 2189 1685 2222 visa
1709 2188 1745 2222 in

470 2245 561 2280 locis
579 2245 743 2281 obscuris
764 2251 801 2281 et
819 2247 1048 2292 temporibus
1063 2246 1281 2292 caliginosis,
1299 2246 1392 2282 sicut
1410 2246 1445 2280 in
1465 2245 1696 2292 crepusculis.

519 2301 570 2337 Et
586 2313 732 2338 necesse
751 2308 806 2338 est
828 2302 934 2346 istud,
951 2302 1010 2338 vel
1029 2304 1128 2350 quod
1154 2302 1281 2339 oculus
1305 2314 1401 2338 unus
1421 2302 1555 2338 habeat
1578 2302 1745 2348 geminas
1760 2309 1874 2350 Double

466 2359 648 2407 pupillas;
672 2360 773 2406 quod
796 2360 881 2396 licet
903 2361 957 2396 sic
979 2360 1050 2396 hoc
1072 2360 1256 2408 possibile,
1276 2371 1347 2396 non
1372 2372 1452 2396 sum
1470 2359 1541 2396 hoc
1558 2364 1745 2407 expertus.
1760 2344 1847 2382 ³³¹¹¹³¹⁸¹

468 2416 617 2453 Solinus
637 2418 735 2452 enim
755 2418 790 2452 in
816 2417 908 2452 libro
934 2418 981 2453 de
1000 2417 1234 2453 Mirabilibus
1254 2418 1385 2453 Mundi
1412 2417 1498 2453 facit
1523 2418 1744 2453 mentionem

466 2474 515 2510 de
546 2474 706 2520 quadam
737 2474 883 2520 regione
914 2475 949 2510 in
979 2487 1052 2521 qua
1085 2474 1256 2511 mulieres
1288 2474 1455 2512 solebant
1487 2473 1623 2510 habere
1656 2473 1746 2510 duas

466 2531 637 2578 pupillas-
699 2531 750 2568 Et
784 2531 921 2568 Plinius
953 2537 1062 2568 sexto
1094 2531 1190 2569 libro
1225 2543 1290 2579 per
1327 2532 1472 2568 diversa
1505 2531 1586 2568 loca
1621 2532 1744 2568 muudi

467 2589 630 2624 ostendit
655 2589 821 2624 homines
847 2589 1023 2625 habentes
1043 2589 1211 2636 geminas
1231 2589 1390 2637 pupillas
1411 2589 1447 2624 in
1469 2589 1608 2632 oculis;
1645 2591 1746 2635 quod

466 2645 498 2681 si
517 2646 707 2693 contingat
724 2657 835 2682 unum
855 2652 978 2693 potest
994 2646 1107 2683 videri
1125 2648 1210 2684 duo.

499 3001 660 3027 suetam-u
