2350 3580
626 514 671 548 32
877 504 1051 538 OPERIS
1075 503 1285 543 MAJoRls
1310 503 1439 537 PARS
1466 503 1655 545 QUINTA.

626 595 674 632 de
689 595 809 632 cauda
826 594 987 640 pavonis.
1037 593 1213 631 Similiter
1235 593 1374 630 multae
1398 604 1464 635 res,
1481 599 1523 630 ut
1532 604 1721 640 -squamae
1737 592 1900 639 piscium,

627 652 685 688 vel
711 664 866 699 quercus
888 652 1046 699 putrida,
1073 656 1112 687 et
1133 652 1267 688 vermis
1287 651 1439 697 quidam
1461 657 1498 687 et
1521 651 1598 687 avis
1626 662 1723 697 quae
1749 655 1902 686 vocatur

628 704 820 756 noctiluca,
836 710 987 757 quando
1003 710 1070 745 lux
1087 700 1210 753 oritur,
1227 708 1433 746 occultatur
1454 720 1580 745 eorum
1604 707 1680 750 lux,
1698 714 1735 744 et
1756 708 1902 744 videtur

627 768 749 804 color:
773 768 924 815 quando
939 778 1027 803 vero
1042 773 1127 803 sunt
1145 767 1182 803 in
1204 767 1376 809 tenebris,
1393 772 1481 802 tunc
1503 766 1571 802 lux
1592 777 1718 802 eorum
1735 771 1900 813 apparet.

628 825 867 862 Manifestum
884 831 940 862 est
958 826 1078 873 igitur,
1093 825 1195 872 quod
1211 824 1349 872 species
1376 823 1466 860 lucis
1489 824 1654 860 maxime
1673 830 1847 870 operatur
1863 824 1899 858 in

627 884 758 920 visum.
809 883 858 919 Et
887 883 964 919 sine
999 882 1287 919 contradictione
1320 882 1542 928 experimur,
1574 882 1674 928 quod
1708 882 1786 917 sine
1820 880 1900 917 luce

628 941 716 977 nihil
748 940 916 983 videtur3
949 946 1097 987 oportet
1126 941 1222 976 enim
1249 940 1351 987 quod
1386 939 1452 975 lux
1485 941 1692 975 extrinseca
1720 939 1817 984 solis,
1841 938 1899 975 vel

626 998 826 1039 stellarum,
842 998 899 1034 vel
918 998 1013 1046 ignis
1029 998 1076 1034 sit
1098 1009 1267 1045 praesens
1293 998 1329 1033 in
1352 1009 1445 1041 aere,
1461 996 1518 1033 vel
1544 997 1609 1033 lux
1634 997 1782 1044 propria
1804 997 1901 1033 oculi

628 1056 871 1104 multiplicata
887 1057 936 1093 ab
953 1056 1072 1101 oculo,
1088 1057 1180 1092 sicut
1197 1056 1329 1092 accidit
1346 1056 1393 1092 de
1404 1055 1512 1092 oculo
1529 1055 1613 1092 cati.
1664 1055 1902 1102 Quapropter

627 1119 773 1162 oportet
788 1125 934 1160 semper
953 1114 1112 1161 speciem
1130 1113 1220 1150 lucis
1237 1114 1370 1160 requiri
1387 1114 1434 1150 ad
1452 1114 1583 1149 visum.

1099 1283 1352 1320 Cunnum
1379 1283 1429 1320 11.

749 1370 861 1417 Quod
877 1370 968 1406 visio
985 1381 1060 1406 non
1077 1370 1307 1418 compleatur
1322 1370 1359 1406 in
1376 1369 1501 1412 oculis,
1517 1370 1583 1406 sed
1601 1370 1638 1406 in
1655 1381 1779 1406 nervo.

443 1474 540 1503 Viden
678 1465 875 1502 Sciendum
893 1470 959 1510 est,
972 1466 1074 1513 quod
1091 1466 1183 1502 visio
1200 1477 1273 1501 non
1290 1465 1497 1511 completur
1512 1465 1549 1500 in
1567 1464 1680 1501 oculis
1698 1465 1900 1501 secundum

441 1510 555 1576 ξξξζῗᾱ
565 1515 614 1582 ”gt
628 1525 728 1571 quod
742 1524 875 1561 docent
886 1530 1053 1560 auctores
1068 1524 1334 1570 Perspectivae.
1369 1523 1467 1559 Nam
1478 1523 1573 1559 duae
1584 1523 1723 1569 species
1734 1523 1902 1559 diversae

443 1583 530 1611 bucin
574 1593 590 1612 e
628 1581 779 1618 veniunt
802 1581 849 1618 ad
876 1581 1014 1626 oculos,
1033 1587 1069 1617 et
1095 1581 1290 1617 diversitas
1308 1580 1442 1628 speciei
1467 1580 1688 1616 diversificat
1709 1580 1902 1627 judicium,

441 1619 526 1649 ''¹⁸¹¹'‘
628 1640 716 1685 quia
756 1650 822 1686 per
861 1640 1023 1675 diversas
1063 1639 1204 1686 species
1231 1638 1456 1685 judicabitur
1488 1650 1559 1675 una
1592 1650 1650 1674 res
1682 1650 1763 1675 esse
1794 1639 1902 1674 duae.

627 1696 805 1734 Similiter
822 1708 887 1744 per
902 1696 1150 1732 diversitatem
1166 1696 1375 1742 judicantis.
1427 1696 1470 1732 In
1493 1696 1640 1733 duobus
1663 1696 1761 1731 enim
1786 1695 1903 1732 oculis

623 1753 760 1800 judicia
785 1753 878 1790 fiunt
897 1754 1051 1791 diversa.
1103 1754 1205 1800 Ergo
1225 1765 1299 1789 una
1324 1766 1382 1791 res
1404 1755 1480 1789 visa
1502 1753 1757 1790 aestimabitur
1781 1753 1903 1789 adhuc

625 1811 779 1848 diversa.
831 1812 988 1858 Oportet
1004 1823 1093 1859 ergo
1111 1812 1211 1858 quod
1229 1811 1328 1848 aliud
1347 1812 1395 1848 sit
1417 1812 1575 1848 sentiens
1598 1818 1742 1859 praeter
1763 1811 1902 1854 oculos,

626 1869 664 1904 in
697 1880 773 1915 quo
805 1869 1009 1916 completur
1042 1870 1143 1913 visio,
1177 1870 1279 1916 cujus
1313 1871 1557 1906 instrumenta
1589 1875 1676 1905 sunt
1709 1869 1805 1905 oculi
1838 1870 1903 1917 qui

626 1927 784 1963 reddunt
804 1928 837 1963 ei
860 1928 1020 1973 speciem
1036 1927 1218 1963 visibilem
1233 1940 1242 1972 ;
1267 1934 1303 1964 et
1322 1928 1394 1964 hoc
1414 1933 1470 1964 est
1488 1939 1619 1963 nervus
1644 1928 1849 1964 communis
1866 1928 1902 1964 in

625 1983 815 2030 superficie
832 1986 979 2027 cerebri,
992 1986 1055 2021 ubi
1073 1992 1291 2022 concurrunt
1308 1986 1383 2022 duo
1400 1986 1499 2022 nervi
1516 1985 1702 2022 venientes
1718 1997 1740 2020 a
1757 1986 1903 2022 duabus

625 2041 793 2088 partibus
808 2042 1000 2078 anterioris
1021 2043 1169 2084 cerebri,
1185 2044 1248 2090 qui
1273 2048 1356 2090 post
1379 2053 1596 2080 concursum
1623 2043 1847 2085 dividuntur,
1864 2049 1902 2080 et

624 2099 877 2135 extenduntur
891 2100 938 2136 ad
957 2099 1094 2136 oculos.
1148 2101 1202 2136 lbi
1222 2101 1333 2148 igitur
1344 2106 1401 2136 est
1413 2100 1528 2136 virtus
1541 2099 1665 2141 visiva,
1677 2105 1718 2136 ut
1736 2101 1773 2136 in
1791 2100 1901 2143 sonte,

626 2162 664 2193 et
680 2157 768 2204 quia
784 2164 873 2193 tunc
888 2158 1003 2193 virtus
1019 2158 1169 2194 fontalis
1186 2164 1241 2194 est
1260 2170 1343 2199 una,
1361 2158 1407 2194 ad
1425 2168 1537 2204 quam
1555 2155 1813 2194 continuantur
1831 2159 1902 2194 vir-

624 2220 723 2251 tutes
740 2215 930 2251 oculorum
948 2227 1014 2261 per
1037 2216 1199 2251 medium
1224 2227 1416 2251 nervorum
1442 2214 1662 2262 opticorum‚
1679 2215 1762 2251 ideo
1780 2220 1902 2263 potest

625 2283 700 2307 una
717 2283 773 2307 res
789 2283 966 2319 apparere
983 2284 1066 2314 una,
1083 2278 1263 2319 quantum
1282 2279 1337 2309 est
1354 2284 1402 2309 ex
1416 2272 1494 2314 ,hac
1516 2283 1637 2308 causa.
1689 2272 1764 2309 Sed
1782 2273 1903 2310 adhuc

624 2334 772 2375 oportet
796 2330 897 2375 quod
918 2330 1014 2366 duae
1037 2330 1177 2376 species
1196 2335 1384 2366 ven·‹.·ntes
1404 2330 1452 2365 ab
1475 2329 1592 2366 oculis
1614 2336 1832 2366 concurrant
1852 2331 1901 2367 ad

624 2397 738 2422 unum
756 2386 876 2422 locum
895 2387 932 2422 in
949 2399 1061 2423 nervo
1078 2389 1272 2430 communi,
1289 2393 1326 2423 et
1343 2398 1415 2422 una
1439 2387 1504 2425 flat
1528 2400 1576 2424 ex
1598 2388 1649 2424 eis
1673 2388 1848 2424 intensior
1864 2382 1902 2424 et

624 2444 775 2490 plenior,
803 2455 915 2491 quam
949 2443 1067 2480 altera
1101 2445 1257 2480 illarum.
1322 2444 1549 2482 Naturaliter
1575 2445 1674 2481 enim
1704 2445 1902 2481 miscentur

623 2501 721 2537 duae
736 2500 876 2538 formae
892 2501 1057 2547 ejusdem
1074 2502 1207 2549 speciei
1224 2502 1259 2537 in
1276 2502 1406 2538 eadem
1432 2502 1584 2540 materia
1602 2507 1639 2538 et
1656 2502 1787 2538 eodem
1804 2502 1900 2545 loco,

623 2562 662 2595 et
687 2559 770 2595 idco
797 2570 869 2595 non
895 2559 1177 2605 distinguuntur,
1203 2560 1268 2595 sed
1296 2559 1337 2595 fit
1363 2559 1459 2596 una¹
1486 2566 1682 2607 postquam
1709 2560 1757 2596 ad
1784 2571 1898 2596 unum

624 2615 745 2652 locum
762 2617 923 2653 veniunt.
940 2622 977 2652 et
993 2622 1080 2653 tunc
1097 2617 1184 2663 quia
1202 2617 1315 2652 virtus
1329 2616 1499 2663 judicans
1522 2622 1579 2653 est
1600 2629 1682 2659 una,
1698 2623 1736 2653 et
1758 2618 1898 2664 species

623 2683 705 2717 una,
732 2673 773 2709 fit
798 2685 911 2710 unum
937 2674 1116 2721 judicium
1146 2686 1168 2710 a
1195 2686 1233 2709 re
1261 2686 1342 2710 una.
1394 2674 1510 2721 Cujus
1538 2675 1682 2722 signum
1709 2680 1774 2717 est,
1794 2676 1897 2722 quod

936 2742 946 2759 ¹
965 2744 998 2773 fit
1009 2753 1077 2780 una,
1090 2745 1108 2773 i.
1116 2754 1142 2773 e.
1157 2753 1213 2773 una
1224 2745 1354 2781 speciem
1372 2753 1406 2773 or
1417 2754 1474 2773 una
1487 2745 1586 2773 forma.
