2350 3580
370 339 1510 510 —

835 679 963 714 PARS
988 678 1211 714 SECUNDA
1224 690 1236 711 .·
1275 678 1374 713 CAP.
1402 678 1468 713 111.
1719 677 1789 720 469

513 780 589 806 non
608 775 762 817 possunt
778 770 934 807 audem
959 768 1078 817 legem
1098 769 1255 806 retinere
1279 769 1314 806 in
1339 780 1492 816 corpore
1510 768 1707 816 diaphano,
1721 768 1788 805 sed

514 839 589 864 nou
605 833 661 864 est
672 827 746 865 alia
756 828 817 864 via
835 838 946 875 quam
964 827 1124 864 incessus
1141 832 1263 864 rectus
1273 827 1330 862 vel
1347 826 1561 862 declinatus.
1603 826 1654 862 Et
1671 825 1787 862 inoes-

510 897 575 921 sus
592 885 857 922 rectus-fortior
872 890 952 928 eatz
977 891 1202 932 quapropter
1216 885 1279 921 ille
1298 886 1453 921 debetur
1473 884 1609 930 speciei
1633 895 1787 930 perpen-

510 942 675 988 diculari,
692 949 733 979 ut
750 948 870 979 rectus
888 942 1032 979 incedat
1054 943 1090 979 in
1110 943 1272 980 secundo
1295 954 1447 988 corpore
1467 942 1563 978 sicut
1585 942 1623 978 in
1646 941 1787 988 primm

513 1005 551 1037 et
563 999 788 1037 declinatum
802 1001 939 1047 speciei
952 1000 1124 1047 obliquae
1141 1007 1355 1047 competere
1371 1011 1518 1037 necesse
1533 1004 1601 1034 est.
1634 999 1685 1034 Et
1704 999 1787 1034 ideo

510 1058 822 1104 perpendicularis
847 1058 988 1104 species
1017 1069 1090 1094 non
1116 1058 1278 1094 declinat
1306 1069 1375 1093 nec
1403 1057 1587 1104 frangitur,
1612 1056 1698 1103 quia
1722 1057 1787 1092 de·

509 1113 658 1152 dinatio
677 1121 735 1152 at
751 1114 890 1159 fractio,
905 1117 970 1152 sed
994 1116 1143 1162 obliqua
1159 1114 1348 1162 frangetur
1363 1115 1401 1151 in
1422 1113 1614 1161 superficie
1635 1114 1786 1150 secundi

508 1173 684 1220 corporis,
700 1180 852 1220 propter
870 1173 942 1210 hoc
959 1173 1059 1220 quod
1077 1173 1303 1220 diaphanum
1326 1173 1462 1210 resistit
1481 1173 1512 1209 ei
1534 1172 1652 1218 magis
1672 1182 1786 1218 quam

508 1230 809 1276 perpendiculari,
830 1238 981 1276 propter
1004 1231 1234 1268 debilitatem
1257 1231 1347 1277 ejus,
1364 1237 1402 1266 et
1427 1230 1679 1266 fortitudinem
1705 1240 1787 1275 per-

509 1289 760 1334 pendicularis.
809 1288 933 1325 Omne
950 1289 1045 1324 enim
1063 1289 1291 1334 diaphanum
1310 1289 1423 1324 habet
1439 1288 1577 1334 aliquid
1594 1287 1785 1334 grossitiei,

508 1347 607 1382 unde
648 1351 770 1393 potest
806 1347 1074 1393 aliquantulum
1108 1348 1277 1383 resistere
1310 1352 1348 1382 et
1382 1346 1558 1392 impedire
1589 1345 1783 1381 transitum

506 1404 651 1450 speciei.
678 1403 933 1440 Determinata
941 1405 1040 1440 enim
1054 1408 1121 1447 est.-
1133 1409 1174 1440 ut
1188 1403 1280 1441 dicit
1292 1403 1458 1440 Alhazen
1472 1403 1642 1450 septimo.
1654 1406 1786 1437 natura

506 1461 790 1507 diaphaneitatis
806 1462 843 1496 in
861 1462 968 1497 rebus
986 1461 1214 1498 naturalibus
1234 1466 1276 1497 ut
1293 1473 1365 1498 non
1387 1462 1498 1497 vadat
1527 1462 1563 1496 in
1589 1460 1785 1506 infinitum,

506 1519 573 1554 sed
599 1524 672 1554 stat
701 1519 748 1555 ad
775 1519 937 1566 aliquam
964 1519 1173 1565 grossitiem
1208 1519 1321 1555 etiam
1355 1520 1392 1555 in
1425 1519 1574 1555 coelesti
1608 1529 1785 1565 corpore;

507 1583 657 1624 propter
697 1577 797 1624 quod
838 1582 913 1613 tam
957 1576 1268 1623 perpendicularis
1308 1589 1416 1624 quam
1458 1576 1610 1623 obliqua
1643 1577 1783 1623 species

507 1634 728 1682 impedietur
759 1634 1039 1681 aliquantulum,
1068 1635 1134 1670 sed
1168 1635 1288 1682 magis
1319 1635 1458 1682 species
1485 1634 1645 1681 obliqua.
1696 1633 1784 1669 Non

506 1693 603 1728 enim
620 1693 783 1728 aufertur
799 1703 821 1727 a
840 1692 1130 1738 perpendiculari
1145 1693 1327 1728 rectitudo
1345 1694 1506 1728 incessus
1531 1697 1682 1738 propter
1703 1692 1783 1738 ejus

505 1749 766 1793 fortitudinem,
795 1751 859 1786 sed
893 1755 1040 1786 tantum
1072 1750 1254 1786 successio
1287 1750 1403 1796 major
1440 1755 1612 1786 causatur
1642 1749 1678 1785 in
1716 1761 1783 1785 suo

504 1807 658 1844 transitu
692 1813 846 1854 propter
872 1807 1083 1853 grossitiem
1119 1807 1231 1844 medii
1261 1807 1561 1854 qualemcunque.
1614 1806 1655 1844 Si
1683 1807 1782 1843 euim

504 1871 602 1903 esset
619 1877 775 1903 vacuum
803 1866 963 1902 medium
989 1866 1069 1900 sine
1092 1866 1195 1901 omni
1221 1865 1391 1913 grossitie
1412 1865 1570 1901 naturali
1596 1870 1633 1900 et
1657 1870 1783 1912 posset

503 1925 657 1960 transire
685 1923 752 1959 lux
782 1924 819 1959 in
851 1935 904 1966 eo,
932 1934 997 1959 seu
1028 1924 1139 1959 etiam
1165 1925 1412 1970 quodcunque
1436 1934 1578 1969 corpus,
1604 1923 1706 1959 fieret
1732 1923 1780 1959 ibi

502 1980 684 2017 successio
700 1992 796 2028 quae
812 1986 909 2017 esset
926 1986 1076 2017 causata
1092 1992 1114 2016 a
1129 1986 1232 2027 parte
1249 1982 1361 2018 medii
1379 1980 1496 2017 solum
1515 1987 1665 2028 propter
1683 1979 1781 2027 prius

503 2045 541 2075 et
569 2039 749 2086 posterius
775 2039 889 2086 ipsius
914 2039 1037 2086 spatii,
1065 2044 1103 2075 et
1137 2051 1212 2075 non
1245 2045 1394 2086 propter
1429 2038 1538 2075 medii
1572 2038 1780 2085 grossitiem

502 2096 746 2132 resistentem.
798 2095 872 2132 Sed
903 2097 940 2131 in
974 2096 1097 2132 medio
1123 2097 1279 2133 naturali
1307 2096 1427 2142 pleno,
1452 2097 1552 2142 quod
1577 2095 1689 2132 habet
1714 2096 1780 2131 ali·

501 2164 613 2200 quam
647 2154 855 2200 grossitiem
889 2153 1103 2194 naturalem.
1128 2159 1276 2200 oportet
1303 2155 1403 2200 quod
1434 2154 1572 2190 ratione
1598 2154 1779 2200 grossitiei

500 2221 597 2258 quae
614 2222 686 2248 non
704 2211 857 2247 omnino
875 2212 971 2248 cedit
999 2222 1063 2248 nec
1088 2211 1240 2248 omnino
1261 2212 1405 2252 resistit.
1423 2212 1487 2248 sed
1514 2211 1644 2258 partim
1666 2211 1719 2248 sie
1741 2219 1779 2249 et

498 2269 564 2313 sic,
581 2269 790 2306 causabitur
810 2269 993 2306 successio
1016 2280 1111 2306 nova
1129 2276 1281 2316 propter
1300 2269 1400 2306 illam
1424 2270 1676 2306 resistentiam.
1727 2269 1778 2306 Et

499 2327 584 2362 ideo
599 2327 827 2373 diaphanum
843 2338 910 2373 per
932 2338 1037 2362 suam
1059 2328 1270 2373 grossitiem
1292 2327 1427 2363 resistit
1452 2327 1585 2374 speciei
1605 2327 1778 2373 obliquae

499 2390 539 2421 et
564 2383 866 2432 perpendiculari,
886 2390 924 2420 et
950 2384 1090 2420 inducit
1114 2384 1381 2422 successionem
1407 2385 1444 2420 in
1470 2390 1647 2431 utraque;
1676 2390 1714 2420 et
1738 2384 1776 2420 in

498 2442 570 2479 hoc
598 2443 896 2487 communionum
929 2443 994 2478 sed
1024 2442 1176 2478 ulterius
1208 2448 1358 2490 propter
1385 2442 1615 2479 debilitatem
1643 2442 1777 2489 speciei

497 2500 671 2548 obliquae
698 2500 855 2547 impedit
880 2511 962 2536 eam
991 2500 1081 2547 plus,
1112 2506 1150 2536 et
1188 2501 1343 2549 denegat
1372 2501 1470 2536 viam
1498 2501 1659 2536 incessus
1687 2500 1776 2535 recti

497 2569 610 2605 quam
629 2558 729 2604 prius
745 2558 875 2594 habuit
892 2559 928 2593 in
946 2569 1099 2604 corpore
1114 2558 1242 2594 altero.

547 2614 670 2652 Causa
696 2625 782 2652 vero
810 2625 923 2662 quare
950 2627 972 2652 a
998 2621 1151 2662 corpore
1181 2616 1361 2652 subtiliori
1389 2616 1529 2662 species
1554 2616 1704 2652 veniens
1737 2615 1773 2651 in
1790 2624 1954 2670 Why-:my

497 2683 629 2720 corpus
668 2673 830 2720 grossius
875 2672 1065 2720 frangatur
1102 2684 1228 2710 versus
1273 2679 1414 2721 partem
1463 2672 1774 2720 perpendicular1s
1789 2671 1947 2726 ᾔτηη

496 2732 687 2770 ducendae
710 2742 735 2766 a
757 2731 840 2767 loco
859 2731 1068 2775 iractionis,
1085 2732 1176 2766 inter
1203 2731 1342 2766 scilicet
1367 2731 1547 2767 incessum
1572 2735 1710 2767 rectum
1736 2735 1773 2766 et
1789 2739 1819 2762 ιο
1832 2735 1932 2777 dener·

498 2789 599 2825 illam
621 2787 967 2836 perpendicularem,
985 2793 1040 2824 est
1057 2789 1153 2835 quia,
1170 2789 1266 2825 sicut
1284 2789 1445 2824 incessus
1465 2786 1773 2835 perpendicularis
1787 2772 1948 2836 3¹22?

496 2846 628 2883 sortior
652 2851 721 2886 est.
746 2846 797 2882 sic
822 2846 942 2882 omnis
976 2846 1135 2883 incessus
1168 2847 1203 2882 ei
1236 2846 1353 2893 magis
1386 2846 1527 2882 vicinus
1557 2852 1614 2882 est
1647 2843 1963 2882 soffloftowdnhe

497 2903 696 2947 remotiori,
712 2907 755 2940 ut
777 2905 870 2940 ratio
892 2904 1009 2941 dictat
1033 2908 1071 2941 et
1092 2909 1260 2941 asserunt
1276 2908 1454 2941 auctores.
1505 2903 1555 2940 Et
1581 2903 1665 2940 ideo
1689 2915 1773 2942 cum
1786 2887 1905 2946 m
