2350 3580
687 776 1050 810 PERSPECTJVAE
1074 776 1203 809 PARS
1230 776 1404 810 PRJMA=
1441 776 1563 810 Dlsr.
1593 776 1621 809 1.
1769 785 1792 819 5

515 870 552 900 et
573 867 800 907 secandune
818 866 968 907 Anima,
992 871 1031 903 et
1043 866 1187 912 judicat
1203 866 1253 902 de
1268 866 1478 902 diversitate
1494 866 1727 908 sensibilium,
1750 871 1791 901 ut

515 923 614 969 quod
634 924 671 959 in
687 923 784 960 lacte
807 925 856 960 sit
872 924 997 960 album
1016 924 1114 960 aliud
1132 936 1156 960 a
1176 923 1286 967 dulci.
1305 923 1405 970 quod
1426 935 1499 959 non
1522 928 1645 970 potest
1671 922 1790 960 facere

514 980 621 1023 visus,
644 991 711 1022 nec
735 987 877 1027 gustus.
894 992 940 1017 eo
963 981 1063 1028 quod
1090 992 1163 1018 non
1189 981 1396 1018 discernunt
1422 986 1601 1021 extrema.
1621 986 1663 1018 ut
1686 980 1791 1017 Aris—

514 1038 648 1073 toteles
665 1039 744 1074 vult
759 1039 921 1074 secundo
944 1039 992 1074 de
1008 1039 1159 1074 Anima.
1211 1039 1263 1074 Et
1283 1039 1426 1084 judicat
1450 1039 1498 1074 de
1513 1039 1685 1084 operibus
1707 1048 1791 1073 sen·

515 1106 621 1130 suum
639 1095 923 1141 particularium,
934 1107 1019 1132 nam
1030 1097 1130 1133 visus
1142 1107 1219 1132 non
1235 1097 1347 1132 sentit
1362 1107 1404 1132 se
1417 1096 1552 1138 videre.
1563 1107 1631 1132 nec
1644 1096 1792 1132 auditus

515 1153 671 1201 percipit
682 1165 722 1190 se
735 1154 870 1198 audire,
886 1154 951 1190 sed
963 1154 1038 1191 alia
1050 1154 1163 1190 virtus
1181 1165 1280 1201 quae
1301 1159 1356 1191 est
1372 1165 1501 1190 sensus
1518 1153 1733 1197 communis,
1750 1159 1791 1189 ut

515 1210 594 1246 vult
621 1211 843 1247 Aristoteles
871 1212 1034 1249 secundo
1057 1212 1104 1248 de
1121 1211 1265 1248 Somno
1289 1218 1326 1248 et
1349 1211 1496 1258 vigilia.
1547 1210 1641 1257 Ejus
1663 1217 1787 1246 autem

513 1268 679 1312 operatio
692 1269 822 1304 ultima
831 1274 889 1305 est
902 1270 1060 1315 recipere
1076 1270 1215 1316 species
1224 1269 1413 1307 venientes
1422 1280 1445 1305 a
1456 1269 1621 1305 sensibus
1634 1268 1790 1314 particu-

514 1324 659 1369 laribus,
688 1333 726 1362 et
750 1326 939 1374 complere
968 1328 1148 1373 judicium
1174 1328 1224 1363 de
1251 1327 1312 1363 eis.
1373 1326 1449 1364 Sed
1469 1336 1545 1362 non
1570 1326 1703 1362 retinet
1727 1336 1789 1361 eas

513 1389 665 1428 propter
681 1384 831 1420 nimiam
849 1385 1094 1421 lubricitatem
1119 1383 1350 1422 instrumenti
1374 1385 1441 1428 sui,
1458 1383 1663 1420 secundum
1688 1384 1789 1429 quod

510 1440 593 1476 vult
604 1440 795 1477 Avieenna
805 1443 923 1488 primo
940 1443 988 1477 de
1000 1440 1150 1479 Anima.
1201 1442 1251 1479 Et
1269 1443 1352 1479 ideo
1368 1446 1515 1488 oportet
1532 1442 1632 1487 quod
1653 1441 1702 1476 sit
1716 1440 1788 1476 alia

512 1495 628 1532 virtus
637 1496 783 1533 animae
793 1496 829 1533 in
843 1496 972 1533 ultima
985 1503 1089 1543 parte
1099 1497 1153 1544 pri
1159 1509 1241 1534 mae
1256 1496 1419 1542 cenulae,
1432 1496 1536 1543 cujus
1552 1496 1713 1533 officium
1732 1502 1787 1532 εἰ

515 1553 667 1590 retinere
683 1554 820 1601 speeie:
834 1554 1020 1591 venientes
1038 1567 1061 1591 a
1078 1555 1248 1592 sensibus
1263 1554 1543 1602 particularibus
1566 1559 1716 1601 propter
1732 1554 1787 1589 sui

515 1616 756 1657 temperatam
781 1613 1042 1650 humiditatem
1071 1618 1110 1650 et
1137 1613 1350 1655 siccitatem,
1372 1623 1468 1658 quae
1487 1617 1641 1649 vocatur
1661 1612 1790 1658 imagi-

513 1669 622 1713 natio,
639 1675 677 1705 et
695 1674 751 1706 est
768 1682 850 1706 arca
868 1682 911 1707 ac
927 1670 1183 1717 repositorium
1203 1682 1332 1706 sensus
1351 1670 1570 1713 communia,
1585 1669 1787 1705 secundum

514 1725 739 1763 Avicennam
772 1734 970 1774 ponentem
1005 1728 1221 1774 exemplum
1254 1729 1303 1764 de
1334 1727 1465 1774 sigillo.
1490 1727 1595 1774 cujus
1628 1727 1788 1773 speciem

512 1794 610 1829 aqua
644 1785 735 1820 bene
769 1785 905 1833 recipit,
930 1786 996 1821 sed
1026 1797 1099 1822 non
1129 1786 1262 1823 retinet
1296 1791 1447 1833 propter
1478 1785 1534 1820 sui
1567 1783 1787 1830 superfluam

510 1842 790 1878 humiditatem:
815 1855 899 1879 cera
917 1854 1005 1879 vero
1030 1845 1125 1879 bene
1150 1844 1282 1879 retinet
1299 1848 1450 1889 propter
1465 1843 1521 1878 aui
1538 1847 1783 1889 temperatam

513 1899 772 1937 humiditatem
790 1912 875 1936 cum
888 1901 1063 1938 siccitate.
1101 1900 1211 1938 Unde
1223 1900 1312 1937 dicit
1328 1900 1427 1947 quod
1443 1899 1541 1936 aliud
1558 1905 1614 1936 εἰ
1629 1899 1789 1946 recipere

510 1964 549 1994 et
571 1958 671 1995 aliud
693 1959 859 2000 retinere.
883 1959 979 1996 sicut
1000 1965 1103 2006 patet
1128 1959 1165 1995 in
1192 1959 1250 1995 his
1270 1958 1465 2006 exemplis.
1514 1958 1566 1994 Et
1592 1958 1643 1993 sic
1667 1963 1725 1994 est
1749 1957 1785 1992 in

510 2027 649 2062 organo
657 2028 786 2053 sensus
797 2016 1000 2053 communis
1010 2024 1049 2053 et
1061 2017 1341 2062 imaginationis.
1377 2016 1429 2054 Et
1439 2023 1563 2052 tamen
1578 2020 1658 2052 tota
1670 2016 1785 2051 virtus

509 2075 716 2120 composita
731 2085 781 2110 ex
798 2074 855 2110 his
870 2075 1023 2118 duabus,
1040 2074 1185 2115 scssicet,
1196 2086 1292 2120 quae
1308 2079 1467 2120 occupat
1484 2079 1602 2110 totam
1621 2073 1789 2109 cellulam

509 2131 678 2178 primam,
703 2137 856 2168 vocatur
879 2132 1080 2179 phantasia.
1132 2132 1232 2168 Nam
1256 2145 1307 2168 ex
1330 2132 1494 2168 seeundo
1514 2133 1564 2168 de
1587 2130 1725 2167 Anima
1752 2137 1788 2166 et

509 2189 559 2225 de
576 2189 715 2226 Somno
732 2196 770 2226 et
787 2190 921 2236 vigilia
941 2196 979 2227 et
994 2190 1088 2227 iibro
1108 2191 1154 2227 de
1181 2190 1300 2228 Sensu
1320 2195 1359 2226 et
1384 2189 1541 2227 Sensato
1563 2194 1665 2236 patet
1687 2189 1785 2234 quod

510 2246 706 2294 phantasia
721 2254 759 2284 et
775 2259 902 2285 sensus
919 2249 1125 2285 communis
1141 2252 1227 2285 sunt
1244 2249 1342 2285 idem
1354 2248 1556 2284 secundum
1572 2247 1787 2292 subjectum.

509 2305 719 2342 differentes
737 2308 937 2342 secundum
954 2318 1043 2349 ease,
1064 2313 1103 2342 ut
1124 2306 1350 2343 Aristotelea
1370 2306 1467 2350 dicit,
1483 2311 1521 2342 et
1543 2306 1644 2351 quod
1672 2306 1787 2352 phan-

509 2363 601 2400 ‘casia
619 2370 657 2400 et
679 2364 892 2411 imaginatio
910 2371 993 2401 sunt
1010 2364 1108 2400 idem
1123 2366 1325 2401 secundum
1341 2364 1507 2411 subjectu
1514 2376 1561 2408 m,
1578 2362 1787 2400 differentes

508 2422 710 2458 secundum
730 2433 820 2458 me.
871 2422 1108 2470 Quapropter
1131 2423 1325 2470 phantasia
1349 2422 1625 2469 comprehendit
1652 2428 1787 2459 utram-

509 2490 583 2524 que
606 2480 789 2523 virtutem,
811 2487 850 2517 et
875 2491 948 2516 non
974 2481 1094 2517 differt
1119 2482 1167 2516 ab
1193 2481 1244 2516 eis
1268 2481 1337 2516 nisi
1359 2481 1454 2516 sicut
1478 2487 1596 2516 toturn
1623 2491 1646 2515 a
1672 2483 1787 2527 parte.

510 2537 561 2573 Et
578 2538 664 2573 ideo
681 2549 765 2573 cum
784 2549 912 2574 aeneus
932 2539 1134 2574 communis
1156 2539 1307 2584 recipiat
1327 2538 1498 2584 speciem,
1516 2543 1554 2573 et
1575 2537 1788 2584 imaginatio

509 2594 663 2631 retineat
680 2606 776 2640 eam,
792 2596 954 2643 sequitur
968 2596 1143 2642 Judicium
1154 2595 1381 2642 completum
1394 2597 1442 2632 de
1458 2607 1507 2640 re,
1521 2597 1622 2642 quod
1638 2601 1787 2632 exercet

508 2652 713 2699 phantasia.

977 2756 1228 2794 Cam-rutum
1256 2756 1327 2793 111.

559 2841 619 2877 De
637 2841 877 2886 sensibilibus,
892 2853 990 2888 quae
1003 2843 1211 2880 sentiuntur
1225 2855 1248 2879 a
1265 2843 1422 2890 propriis
1439 2843 1612 2887 sensibus,
1625 2847 1661 2879 et
1678 2855 1785 2879 sensu

509 2899 695 2935 communi
712 2905 749 2935 et
768 2900 1037 2946 imaginatione.

559 2993 757 3031 Sciendum
775 3001 841 3037 est,
857 2996 957 3044 quqd
977 2995 1190 3042 imaginatio
1202 3001 1240 3032 et
1252 3007 1376 3033 sensus
1390 2996 1595 3033 communis
1607 3002 1645 3033 et
1658 3006 1787 3033 sensus
