2350 3580
628 487 697 532 528
929 488 1029 522 MUL
1035 487 1216 521 TIPLICA
1224 486 1301 520 TIO
1327 485 1616 519 SPECJERUM.

630 577 850 615 indivisibili.
899 579 986 614 Non
1003 578 1099 613 enim
1118 577 1189 614 hoc
1205 577 1305 622 dicit,
1318 578 1382 613 sed
1400 576 1635 613 solum-dicit
1655 576 1696 612 in
1716 575 1904 616 universali,

630 637 732 682 quod
758 637 807 672 de
833 636 969 672 lumine
995 635 1068 672 alia
1098 635 1191 671 ratio
1218 641 1296 685 est;
1331 641 1369 671 et
1393 634 1472 681 jam
1498 635 1699 681 assignata
1726 640 1786 670 est
1814 635 1904 676 ratio,

631 705 745 739 quare
769 694 875 730 aliter
899 700 956 730 est
980 694 1017 729 in
1044 693 1182 729 lumine
1203 699 1240 728 et
1265 693 1301 728 in
1326 692 1419 728 aliis.

446 753 551 781 1¹2th
682 751 757 788 Sed
784 751 883 798 quod
912 752 1051 787 inducit
1075 750 1237 796 Jacobus
1267 750 1421 786 Alkindi
1449 748 1582 786 fortius
1610 756 1672 786 est
1710 750 1904 796 praedictis,

442 793 611 853 ξῖἓζζῖξω
633 820 790 855 arguens
809 809 910 854 quod
932 808 962 844 si
984 808 1020 843 in
1046 807 1172 853 aliquo
1195 814 1362 854 tempore
1385 806 1470 842 licet
1488 807 1697 843 insensibili
1722 808 1905 853 pertransit

444 862 549 926 25¹5?
632 866 700 902 lux
716 867 881 913 spatium
895 866 1044 912 aliquod
1062 869 1227 912 parvum,
1243 871 1329 901 tunc
1346 865 1478 901 transit
1499 865 1661 911 duplum
1687 865 1790 901 illius
1809 865 1904 911 spatii

445 933 555 970 period,
633 924 669 959 in
703 923 819 970 duplo
851 924 1027 969 temporis
1058 929 1097 959 et
1129 923 1279 969 triplum
1307 923 1343 958 in
1377 922 1497 969 triple,
1528 928 1567 958 et
1597 923 1651 958 sic
1683 923 1723 958 in
1754 923 1906 958 maxima

445 971 558 1034 {¹2:³2⁶
633 981 818 1024 distantia,
836 987 876 1017 ut
900 981 949 1017 ab
973 981 1112 1017 oriente
1136 982 1184 1017 ad
1209 981 1389 1022 occidens,
1406 979 1510 1016 fieret
1533 986 1690 1026 tempus
1718 982 1773 1017 ita
1794 981 1906 1017 multi·

446 1015 573 1078 oessteible.
634 1039 722 1085 plex
744 1039 792 1075 ad
814 1039 973 1085 primum
998 1044 1144 1085 tempus
1167 1038 1385 1080 insensibile,
1401 1038 1502 1083 quod
1520 1038 1592 1074 hoc
1610 1044 1768 1084 tempus
1794 1038 1906 1074 multi·

632 1096 806 1143 plicatum
827 1102 924 1133 esset
945 1096 1140 1139 sensibile3
1165 1097 1231 1132 sed
1256 1107 1327 1131 non
1349 1101 1404 1131 est
1429 1096 1503 1138 ita3
1529 1107 1622 1141 ergo
1638 1097 1794 1132 videtur
1816 1096 1906 1143 quod

633 1154 724 1190 lucis
749 1154 937 1200 generatio
964 1154 1013 1189 sit
1039 1155 1189 1190 omnino
1216 1154 1253 1189 in
1282 1154 1486 1189 indivisibili
1515 1154 1674 1189 instanti
1711 1160 1751 1189 et
1778 1165 1850 1189 non
1876 1154 1906 1188 in

632 1218 810 1258 tempore.
877 1210 953 1248 Sed
984 1212 1181 1247 dicendum
1220 1217 1277 1248 est
1314 1212 1415 1257 quod
1454 1217 1608 1257 propter
1642 1211 1906 1247 velocissimam

632 1270 767 1315 speciei
801 1269 1073 1317 generationem
1110 1276 1258 1315 tempus
1298 1268 1585 1315 imperceptibile
1627 1269 1747 1305 habet
1781 1270 1907 1315 gradus

633 1326 778 1370 multos,
805 1328 842 1363 in
873 1329 1007 1374 quibus
1038 1328 1144 1374 primi
1178 1328 1353 1374 temporis
1386 1328 1524 1363 minimi
1558 1334 1738 1364 sumatur
1769 1335 1908 1374 tempus

633 1382 842 1431 multiplex,
863 1391 1043 1431 quantum
1066 1391 1235 1431 oporteat
1254 1385 1548 1431 multiplicationi
1571 1386 1644 1421 toti
1671 1387 1773 1422 inter
1797 1388 1907 1423 oriens

633 1447 671 1477 et
704 1443 883 1487 occidens,
917 1444 969 1479 ita
1001 1443 1102 1489 quod
1136 1443 1307 1478 ultimum
1344 1442 1539 1489 multiplex
1573 1443 1623 1479 sit
1663 1444 1764 1480 infra
1801 1450 1908 1479 mem

633 1500 892 1543 sensibilitatis,
911 1501 1004 1536 sicut
1029 1506 1067 1536 et
1092 1500 1251 1547 primurn
1276 1506 1423 1546 tempus
1447 1501 1653 1541 minimum,
1680 1501 1774 1538 licet
1799 1502 1908 1549 magis

634 1557 787 1594 accedat
803 1558 851 1593 ad
868 1558 1156 1602 sensibilitatem,
1174 1569 1367 1595 remanens
1382 1565 1506 1595 tamen
1522 1564 1634 1595 extra
1651 1560 1792 1606 ipsam.

449 1616 474 1644 st
487 1615 575 1652 might
682 1614 723 1651 Si
752 1627 840 1651 vero
869 1617 1012 1652 dicatur
1037 1617 1137 1662 quod
1166 1617 1386 1661 conceditur,
1413 1617 1443 1651 si
1471 1617 1613 1663 species
1642 1629 1784 1664 corpus
1814 1624 1909 1661 esset,

447 1651 613 1716 attingam
633 1674 734 1718 quod
759 1674 995 1719 pertransiret
1014 1676 1144 1719 ‘partes
1167 1675 1275 1720 spatii
1304 1675 1340 1709 in
1366 1681 1530 1720 tempore
1554 1675 1735 1719 sensibili,
1757 1682 1797 1712 et
1823 1687 1908 1712 nunc

447 1725 508 1752 ⁵¹⁰⁰
521 1723 578 1789 ἔξω
633 1735 690 1766 tot
707 1737 792 1768 sunt
807 1732 1061 1776 generationes
1076 1732 1242 1778 singulae
1259 1733 1295 1767 in
1313 1732 1464 1778 singulis
1482 1732 1659 1778 partibus,
1677 1740 1777 1779 quot
1794 1740 1908 1770 essent

447 1796 540 1824 would
554 1805 618 1832 pro·
634 1788 888 1834 replicationes
905 1789 1139 1834 particulares
1157 1790 1253 1826 illius
1269 1791 1431 1837 corporis
1448 1802 1513 1837 per
1528 1790 1693 1837 singulas
1709 1799 1752 1828 et
1767 1793 1908 1828 easdem

443 1833 624 1906 ἒέξίἶζξζξῃ
637 1852 758 1892 partes
790 1847 918 1892 spatii;
958 1858 1048 1892 ergo
1080 1847 1172 1883 sicut
1207 1848 1462 1893 replicationes
1496 1848 1579 1884 illae
1612 1851 1787 1895 corporis
1826 1851 1910 1886 moti

446 1907 606 1949 thepropn·
637 1903 763 1939 fierent
793 1904 829 1939 in
857 1909 1021 1950 tempore
1047 1904 1219 1949 sensibili,
1247 1906 1299 1942 sic
1330 1904 1399 1941 hae
1425 1907 1680 1952 generationes
1706 1908 1744 1943 in
1777 1909 1909 1944 eisdem

444 1942 620 2006 sgnquggoe
635 1962 799 2008 partibus
831 1962 963 2008 spatii;
1003 1962 1199 1998 dicendum
1235 1969 1290 1999 est
1329 1964 1430 2009 quod
1464 1963 1535 2000 hoc
1573 1969 1629 1999 est
1670 1965 1806 2002 fortius
1839 1966 1912 2002 aliis

448 2014 595 2079 Bffftbff·
633 2019 839 2064 praedictis.
906 2020 1004 2055 Nam
1038 2020 1147 2057 valde
1172 2021 1318 2057 videtur
1351 2032 1430 2057 esse
1463 2021 1578 2057 simile
1611 2022 1662 2057 de
1696 2023 1910 2068 hujusmodi

446 2092 549 2116 nomo.
634 2077 938 2123 multiplicatione
965 2089 1030 2123 per
1058 2078 1220 2124 singulas
1247 2084 1380 2125 partes,
1406 2085 1443 2115 et
1472 2080 1518 2115 de
1544 2079 1791 2117 translatione
1821 2082 1912 2116 illius

635 2145 700 2179 per
717 2135 875 2170 easdem.
919 2135 1042 2181 Magis
1058 2141 1183 2171 autem
1202 2143 1324 2172 manet
1343 2137 1433 2173 haec
1450 2136 1641 2179 cavillatio,
1655 2138 1747 2184 quia
1765 2145 1910 2185 tempus

633 2192 809 2238 duplicari
821 2193 964 2228 videtur
980 2194 1015 2228 in
1030 2193 1344 2239 multiplicatione,
1359 2201 1525 2240 respectu
1539 2197 1720 2241 temporis
1738 2197 1776 2231 in
1796 2204 1910 2232 trans·

634 2249 779 2285 latione.
824 2250 919 2286 Nam
938 2251 1031 2286 inter
1047 2252 1208 2297 singulas
1226 2252 1545 2298 multiplicationes
1559 2253 1653 2289 inest
1665 2254 1775 2299 quies
1795 2255 1913 2290 media

634 2313 784 2353 propter
813 2307 893 2352 hoc,
923 2309 1023 2354 quod
1052 2309 1237 2355 quaelibet
1271 2321 1354 2355 pars
1388 2321 1454 2356 per
1484 2310 1649 2346 ordinem
1682 2317 1913 2347 transmutat

632 2365 752 2408 aliam,
778 2371 817 2401 et
844 2367 945 2412 prius
971 2372 1203 2412 permutatur
1236 2367 1351 2413 prima
1381 2379 1466 2413 pars
1492 2379 1604 2414 quam
1634 2375 1832 2414 permutat
1860 2381 1914 2405 se-

633 2424 800 2465 cundam,
817 2430 855 2459 et
880 2430 965 2460 sunt
988 2424 1153 2460 actiones
1175 2425 1335 2468 divisae;
1362 2436 1475 2471 quare
1498 2426 1646 2471 agentia
1668 2432 1709 2461 et
1736 2428 1916 2472 patientia

633 2486 717 2516 sunt
735 2481 907 2516 distincta
924 2487 962 2517 et
979 2482 1139 2524 diversa;
1162 2494 1276 2528 quare
1293 2484 1398 2528 quies
1412 2484 1480 2518 erit
1494 2483 1614 2518 media
1628 2484 1725 2519 inter
1738 2485 1915 2531 singulas,

633 2543 670 2573 et
687 2539 808 2574 omnis
824 2539 927 2585 quies
943 2545 998 2575 est
1015 2540 1052 2575 in
1069 2545 1258 2586 tempore;
1282 2541 1348 2576 sed
1366 2540 1402 2575 in
1429 2541 1667 2576 translatione
1693 2541 1805 2577 locali
1828 2554 1915 2578 con-

634 2595 737 2631 tinua
753 2606 828 2631 non
847 2597 1076 2642 intercipitur
1092 2598 1193 2643 quies
1210 2609 1218 2641 ;
1243 2608 1355 2643 quare
1373 2609 1456 2633 cum
1482 2597 1749 2644 multiplicetur
1764 2606 1916 2646 tempus

634 2652 669 2687 in
696 2655 932 2698 generatione
957 2655 1090 2701 speciei
1119 2656 1233 2701 magis
1261 2666 1373 2701 quam
1402 2655 1438 2691 in
1468 2655 1706 2691 translatione
1736 2658 1917 2703 corporis,

633 2715 722 2745 tunc
752 2711 870 2757 magis
898 2712 967 2748 erit
994 2713 1178 2749 successio
1205 2713 1383 2749 sensibilis
1408 2713 1445 2749 in
1479 2712 1789 2759 multiplicatione
1824 2715 1914 2752 lucis
