2350 3580
619 707 688 750 460
914 706 1206 739 MUhTJPLJcA
1212 707 1291 739 TJo
1316 706 1597 740 SPECIERUM.

619 808 752 844 corpus
769 803 823 832 est
842 796 982 832 habens
999 802 1074 832 tres
1090 797 1350 838 dimensioneffi
1366 807 1521 842 quarum
1541 797 1665 832 radius
1681 796 1796 832 habet
1811 807 1895 832 cor-

621 855 786 901 poralem
800 855 1061 900 proprietatem
1079 866 1088 898 ;
1112 860 1150 890 et
1163 855 1276 901 addit,
1288 855 1385 900 quod
1401 855 1525 890 radius
1536 865 1610 889 non
1624 859 1679 889 est
1689 854 1894 889 secundum

621 911 735 947 lineas
757 917 872 947 rectas
899 912 993 947 inter
1020 922 1110 958 quas
1137 917 1223 947 sunt
1248 910 1445 955 intervalla,
1468 911 1533 947 sed
1558 910 1814 958 multiplicatio
1836 917 1895 947 est

619 969 801 1012 continua,
819 981 932 1015 quare
950 980 1021 1004 non
1043 968 1181 1004 carebit
1203 969 1406 1005 latitudine.
1457 970 1508 1004 Et
1532 970 1645 1004 tertio
1669 969 1769 1009 dicit,
1792 969 1892 1014 quod

620 1026 708 1063 illud
737 1027 835 1072 quod
862 1032 961 1062 caret
987 1026 1192 1070 latitudine,
1212 1026 1470 1072 profunditate.
1496 1031 1533 1062 et
1557 1026 1794 1072 longitudine,
1819 1038 1892 1062 non

621 1084 778 1120 sentitur
800 1084 892 1124 visu.
942 1084 1083 1119 Radius
1117 1084 1228 1129 igitur
1250 1094 1324 1119 non
1356 1085 1510 1126 videtur,
1534 1085 1635 1129 quod
1669 1083 1799 1119 falsum
1826 1089 1894 1119 est.

622 1141 672 1177 Et
697 1142 832 1178 scimus
855 1142 954 1187 quod
981 1142 1103 1178 radius
1129 1153 1201 1177 non
1227 1146 1350 1186 potest
1373 1141 1527 1177 transire
1552 1141 1621 1177 nisi
1643 1152 1707 1186 per
1729 1141 1893 1186 aliquam

621 1204 761 1244 partem
790 1199 912 1240 medii,
934 1200 999 1234 sed
1034 1199 1223 1244 quaelibet
1248 1210 1332 1245 pars
1365 1199 1474 1234 medii
1501 1204 1556 1233 est
1589 1199 1729 1233 habens
1758 1200 1894 1234 trinam.

619 1257 846 1291 divisionem.
897 1254 972 1292 Sed
999 1262 1143 1303 oportet
1170 1257 1228 1291 hic
1253 1257 1472 1292 descendere
1510 1256 1658 1290 ulterius
1684 1257 1732 1291 ad
1765 1267 1895 1291 omnes

621 1314 750 1349 modos
791 1313 970 1348 linearum
1012 1325 1120 1359 super
1161 1325 1252 1359 quas
1296 1319 1352 1348 est
1399 1313 1654 1359 multiplicatio
1701 1313 1895 1359 possibilis,

619 1371 790 1415 quoniam
809 1370 895 1406 licet
910 1376 1042 1406 natura
1058 1376 1210 1416 appetat
1225 1371 1364 1417 operari
1379 1381 1487 1415 sup-er
1501 1371 1613 1405 lineas
1631 1376 1757 1413 rectas,
1767 1375 1894 1406 tamen

619 1428 821 1473 impeditur
843 1428 1052 1474 aliquando,
1077 1428 1134 1463 vel
1158 1428 1249 1463 alias
1272 1433 1423 1474 propter
1450 1427 1704 1463 necessitatem
1729 1427 1892 1473 aliquam

621 1490 738 1520 mutat
757 1485 947 1528 incessum,
959 1490 995 1520 et
1014 1485 1099 1521 facit
1117 1496 1199 1521 eam
1219 1486 1407 1521 decurrere
1416 1496 1527 1530 super
1545 1485 1656 1520 lineas
1675 1495 1747 1520 non
1765 1491 1895 1521 rectas.

621 1543 670 1578 Et
688 1543 821 1588 quibus
841 1544 959 1578 modis
977 1543 1045 1578 hoc
1065 1543 1129 1578 fiat
1147 1543 1296 1578 intendo
1314 1554 1411 1577 nunc
1430 1543 1624 1578 declarare.

1092 1696 1342 1733 CAPITULUM
1363 1696 1413 1732 11.

440 1794 500 1820 five
513 1793 595 1820 kinds
668 1789 877 1827 Secundum
902 1803 990 1827 vero
1010 1792 1172 1837 quinque
1201 1792 1330 1827 modos
1354 1792 1532 1827 linearum
1561 1795 1684 1836 pot'est
1707 1791 1798 1826 haec
1816 1788 1894 1825 fleri

441 1829 577 1894 ζζᾞξῘΟ
621 1848 888 1894 multiplicatio.
938 1848 1060 1884 PrIma
1077 1856 1132 1884 est
1151 1854 1324 1894 protensa
1341 1848 1387 1884 ab
1410 1854 1543 1894 agente
1564 1849 1599 1884 in
1622 1848 1835 1884 continuum
1856 1853 1894 1883 et

441 1900 547 1966 Jdgfd.
617 1906 808 1950 directum,
826 1913 861 1940 et
879 1911 1030 1940 vocatur
1048 1913 1157 1948 recta,
1172 1917 1281 1952 super
1299 1917 1410 1951 quam
1427 1907 1539 1941 currit
1556 1905 1745 1951 generatio
1758 1904 1894 1950 speciei

439 1946 494 2009 ζμ
504 1945 595 2003 '1253oe
619 1974 811 2008 quousque
839 1964 1010 2006 medium,
1028 1963 1099 1998 hoc
1123 1969 1190 2003 est,
1216 1974 1350 2008 corpus
1376 1964 1412 1998 in
1439 1975 1512 2009 quo
1538 1963 1812 2009 multiplicatur,
1837 1967 1895 1997 est

443 2010 604 2075 {ffifflffiam
621 2019 810 2060 uniforme,
828 2020 963 2056 scilicet
989 2020 1094 2056 unius
1114 2020 1281 2062 raritatis,
1301 2026 1341 2056 ut
1361 2027 1416 2056 est
1434 2033 1496 2056 aer
1519 2020 1576 2056 vel
1594 2031 1689 2066 aqua
1705 2020 1765 2055 vel
1783 2019 1894 2061 aliud,

442 2068 565 2126 ›rwher'q
619 2084 657 2113 et
684 2090 755 2113 non
782 2078 910 2122 recipit
934 2078 1174 2119 obstaculum,
1201 2089 1267 2113 nec
1294 2078 1341 2114 sit
1367 2078 1527 2114 medium
1561 2079 1763 2114 animatum
1789 2083 1832 2112 ut
1858 2078 1891 2111 in

445 2120 575 2191 22¹2de
620 2136 832 2170 humoribus
850 2136 1030 2170 contentis
1048 2136 1081 2169 in
1103 2136 1223 2170 nervis
1239 2147 1423 2178 sensuum,
1441 2141 1478 2170 et
1503 2136 1738 2181 principalem
1758 2135 1894 2170 habeat

442 2192 551 2236 *ul-rto
621 2192 974 2238 multiplicationem,
1002 2204 1074 2228 non
1100 2192 1373 2236 accidentalem,
1392 2194 1476 2238 quia
1505 2193 1561 2228 his
1596 2193 1714 2228 modis
1736 2198 1896 2238 quatuor

440 2229 546 2301 ἓξὲξ
619 2251 728 2286 currit
755 2249 1010 2296 multiplicatio
1034 2250 1165 2296 speciei
1188 2261 1296 2296 super
1323 2251 1454 2286 lineam
1481 2251 1678 2286 habentem
1705 2250 1893 2296 angulum,

444 2310 459 2328 ¹¹
474 2301 588 2338 den-try.
623 2307 859 2352 Diaphanum
878 2318 963 2341 vero
981 2314 1018 2342 et
1036 2307 1263 2352 diaphonum
1282 2309 1525 2354 perspicuum,
1540 2314 1576 2342 et
1594 2308 1757 2353 pervium
1776 2313 1894 2342 trans·

619 2376 750 2410 parens
770 2364 1003 2403 translucens,
1022 2369 1058 2400 et
1077 2364 1250 2407 lucidum,
1268 2371 1305 2400 et
1323 2366 1403 2401 luce
1419 2371 1638 2408 transeunte,
1658 2377 1729 2400 non
1749 2365 1837 2408 fixa,
1856 2370 1895 2400 et

621 2433 752 2465 rarum,
787 2422 876 2456 haec
917 2422 1041 2457 omnia
1074 2421 1281 2469 significant
1325 2423 1422 2458 idem
1465 2422 1667 2458 secundum
1705 2433 1794 2466 rem,
1827 2422 1891 2458 sed

619 2479 789 2514 differunt
808 2480 1006 2514 secundum
1026 2480 1334 2515 considerationes
1352 2480 1503 2527 aliquas.
1554 2480 1652 2515 Nam
1665 2491 1785 2515 rarum
1804 2480 1894 2515 dicit

617 2538 892 2582 dispositionem
918 2538 1081 2582 corporis
1105 2537 1276 2572 absolute
1299 2539 1501 2573 secundum
1525 2539 1625 2583 quod
1660 2544 1783 2583 partes
1814 2538 1894 2583 ejus

620 2600 782 2630 remotae
812 2594 950 2639 jacent,
983 2600 1023 2630 ut
1065 2599 1122 2630 est
1163 2606 1228 2630 aer
1261 2600 1296 2630 et
1332 2606 1427 2640 aqua
1461 2601 1498 2631 et
1535 2594 1754 2640 hujusmodi.
1803 2594 1894 2631 Alia

619 2653 788 2686 dicuntur
799 2663 863 2698 per
876 2653 1188 2698 comparationem
1201 2653 1248 2686 ad
1263 2664 1407 2688 sensum
1421 2652 1481 2688 vel
1498 2653 1678 2696 sensibile,
1692 2653 1825 2689 secund
1832 2664 1894 2689 um

619 2710 717 2756 quod
737 2711 877 2756 species
899 2721 1023 2744 eorum
1048 2714 1169 2756 potest
1188 2710 1350 2752 transire,
1367 2714 1407 2744 ut
1434 2714 1538 2756 patet
1565 2710 1598 2744 in
1623 2722 1718 2756 aqua
1738 2715 1776 2745 et
1798 2722 1894 2750 aere,

619 2773 658 2802 et
675 2766 828 2813 sphaera
848 2766 952 2812 ignis,
970 2773 1007 2802 et
1026 2768 1174 2802 orbibus
1200 2766 1430 2813 planetarum
1452 2774 1558 2802 extra
1581 2779 1736 2816 corpora
1752 2779 1891 2803 eorum.

619 2824 716 2859 Nam
738 2825 839 2860 visus
864 2830 1031 2870 penetrat
1057 2824 1148 2860 haec
1172 2825 1309 2866 omnia,
1325 2830 1363 2860 et
1387 2826 1527 2871 species
1554 2836 1674 2861 rerum
1697 2831 1894 2871 penetrant

618 2882 710 2928 ipsa.
762 2882 811 2917 Et
846 2882 1070 2928 diaphanum
1105 2883 1203 2917 idem
1239 2887 1294 2917 est
1327 2884 1427 2928 quod
1455 2882 1612 2928 duplicis
1645 2883 1894 2929 apparitionis,

617 2936 755 2972 scilicet
770 2937 804 2972 in
817 2937 1008 2982 superficie
1026 2942 1061 2973 et
1077 2938 1112 2973 in
1130 2938 1321 2983 profundo.
1373 2938 1472 2974 Nam
1492 2937 1616 2984 phano
1634 2937 1774 2975 Graece
1791 2940 1891 2975 idem
