2350 3580
611 499 678 543 536
901 500 999 533 MUL
1006 499 1188 532 TIPLICA
1194 499 1225 531 T
1221 499 1272 532 10
1298 499 1607 533 SPECIERUM.

613 590 863 636 operationem
880 590 973 626 sicut
989 590 1083 626 aliae
1101 589 1429 636 perpendiculares,
1440 590 1539 636 quia
1553 590 1722 636 longior
1739 596 1798 627 αἱ
1813 601 1911 637 quam

613 647 751 683 multae
775 647 1101 693 perpendiculares,
1127 654 1167 684 ut
1193 654 1295 693 patet
1321 659 1370 683 ex
1394 649 1568 694 septima
1586 654 1630 683 et
1659 654 1803 685 octava
1827 648 1910 684 tertii

616 705 790 741 Euclidis.
841 705 1018 742 Similiter
1034 717 1117 742 cum
1141 704 1449 752 perpendicularis
1471 717 1595 752 super
1616 706 1815 752 sphaerae
1833 717 1907 742 con-

613 764 809 798 cavitatem
827 762 961 807 situla,
972 774 1067 809 quae
1084 763 1217 799 transit
1229 775 1294 809 per
1304 769 1469 799 centrum
1482 765 1535 799 ad
1548 765 1727 811 angulos
1744 764 1907 811 aequales

612 832 723 867 super
746 831 980 856 communem
1007 820 1251 857 differentiam
1279 832 1368 857 suae
1392 821 1606 867 superficiei
1636 828 1680 858 et
1706 822 1905 869 superficiei

614 877 748 923 planae
790 878 1035 923 contingentis
1067 879 1331 914 concavitatem
1363 878 1571 924 sphaerae3
1609 880 1796 916 similiter
1827 880 1903 926 quia

613 936 776 972 continet
803 935 958 982 angulos
986 937 1158 982 aequales
1183 947 1268 971 cum
1287 934 1464 972 ‘omnibus
1488 937 1644 973 circulis
1671 949 1791 983 super
1816 938 1903 973 idern

613 1000 792 1038 punctum
816 993 1090 1029 transeuntibus
1123 993 1170 1029 ad
1200 994 1299 1039 quod
1327 993 1645 1040 perpendicularis
1675 996 1902 1036 terminatur,

613 1055 760 1096 oportet
775 1051 875 1097 quod
898 1051 948 1087 sit
966 1050 1109 1097 longior
1132 1051 1214 1087 aliis
1234 1062 1300 1098 per
1323 1052 1518 1097 septimam
1538 1058 1578 1088 et
1603 1058 1789 1088 octavam
1811 1053 1904 1089 tertii

614 1105 790 1149 Euclidis,
800 1112 839 1142 et
852 1106 934 1141 ideo
951 1117 1024 1141 non
1037 1112 1183 1152 oportet
1195 1107 1296 1152 quod
1313 1107 1452 1153 species
1464 1107 1636 1143 incidens
1649 1119 1771 1155 super
1783 1108 1903 1155 hujus-

614 1160 715 1196 modi
742 1162 1060 1207 perpendiculares
1090 1161 1201 1198 saciat
1226 1162 1277 1197 ita
1303 1161 1433 1198 sortem
1462 1163 1655 1198 actionem
1683 1164 1789 1201 sicut
1814 1164 1904 1200 aliae

613 1218 932 1265 perpendiculares
955 1230 1067 1266 super
1094 1220 1368 1255 convexitatem
1401 1220 1614 1266 sphaerae..
1647 1221 1703 1257 Et
1734 1234 1807 1268 per
1828 1222 1902 1267 jam

612 1276 712 1312 dicta
728 1276 776 1311 de
791 1276 956 1321 sphaera,
972 1282 1075 1322 patet
1092 1277 1140 1312 de
1156 1276 1327 1312 columna
1345 1278 1500 1312 rotunda
1516 1283 1555 1314 et
1572 1280 1792 1323 pyramide.

427 1343 571 1371 Refmcted
662 1333 812 1380 Species
828 1339 952 1369 autem
969 1335 1117 1369 veniens
1133 1345 1244 1380 super
1259 1333 1372 1370 lineas
1389 1334 1502 1370 habet
1518 1336 1848 1381 comparationem
1868 1337 1902 1372 in

426 1388 490 1415 ”¹5⁸
614 1390 838 1427 fortitudine.
888 1392 987 1427 Nam
1006 1391 1119 1427 fracta
1136 1398 1192 1427 est
1209 1391 1335 1427 fortior
1350 1403 1469 1437 quam
1491 1392 1643 1435 reflexa,
1660 1394 1754 1440 quia
1773 1394 1904 1431 sortior

426 1421 551 1451 stronger

426 1451 545 1479 θωπε-
613 1450 715 1485 vadit
741 1450 777 1485 in
804 1455 945 1495 partem
976 1449 1138 1485 incessus
1165 1450 1266 1491 recti,
1295 1450 1380 1485 licet
1406 1461 1535 1496 parum
1568 1450 1617 1486 ab
1646 1462 1696 1487 eo
1724 1453 1902 1488 declinet.

425 1488 580 1552 flffion
616 1506 786 1542 Reflexio
823 1518 911 1542 vero
947 1507 1049 1543 vadit
1083 1507 1118 1542 in
1152 1507 1374 1543 contrarium
1406 1507 1493 1543 recti
1526 1507 1706 1552 incessus,
1740 1516 1784 1546 et
1820 1511 1903 1546 ideo

425 1560 593 1625 3⁸35ng
615 1565 731 1611 magis
754 1565 925 1601 debilitat
949 1565 1109 1611 speciem
1133 1576 1247 1611 quam
1272 1565 1412 1601 fractio.
1462 1564 1537 1601 Sed
1562 1564 1698 1602 fractio
1720 1579 1828 1614 quae
1848 1575 1903 1605 est

425 1632 536 1661 vnket
614 1634 680 1670 per
696 1634 879 1658 recessum
896 1634 919 1657 a
936 1622 1237 1668 perpendiculari,
1254 1634 1349 1668 quae
1365 1622 1494 1659 fractio
1513 1629 1552 1659 et
1578 1626 1907 1671 perpendicularis

426 1669 493 1697 than
506 1669 530 1696 ir

426 1700 545 1733 towards
558 1705 589 1733 it.
613 1686 753 1717 exeunt
783 1681 832 1716 ab
866 1681 995 1716 eodem
1024 1686 1174 1726 puncto,
1201 1686 1257 1716 est
1282 1681 1433 1717 debilior
1457 1692 1570 1727 quam
1601 1682 1675 1718 ista
1701 1694 1806 1728 quae
1839 1696 1904 1731 ap-

614 1739 836 1784 propinquat
854 1738 973 1774 eidem
995 1738 1295 1784 perpendiculari,
1311 1739 1486 1784 quoniam
1506 1740 1830 1786 perpendicularis
1848 1749 1906 1779 est

614 1796 750 1840 sortior,
767 1801 804 1831 et
822 1796 905 1832 ideo
921 1807 1088 1832 accessus
1106 1796 1153 1831 ad
1177 1807 1259 1832 eam
1285 1796 1397 1833 habet
1422 1796 1678 1833 fortitudinem
1707 1800 1907 1844 majorem,

613 1854 779 1900 quamvis
796 1853 959 1889 diversae
976 1853 1168 1889 fractiones
1190 1854 1362 1890 accidunt
1387 1855 1630 1890 diversimode
1655 1856 1694 1890 in
1723 1856 1852 1903 planis
1868 1865 1906 1894 et

613 1911 810 1957 sphaericis
833 1911 1015 1947 diversum
1041 1911 1153 1946 situm
1178 1911 1408 1952 habentibus,
1425 1918 1462 1948 et
1483 1912 1688 1948 secundum
1711 1917 1823 1959 quod
1849 1928 1907 1952 τω

614 1969 650 2004 in
667 1969 818 2004 diversis
841 1968 1052 2014 corporibus
1076 1968 1214 2004 habent
1238 1969 1349 2004 situm
1375 1971 1570 2005 diversum.
1623 1970 1727 2006 Nam
1754 1972 1795 2007 in
1823 1984 1906 2009 cor·

614 2026 764 2073 poribus
798 2026 924 2062 mundi
957 2011 1155 2071 sphaericis
1187 2027 1393 2073 incipiendo
1417 2039 1440 2063 a
1469 2038 1612 2062 sursum
1639 2028 1676 2063 in
1709 2030 1907 2072 deorsum,

1281 2084 1409 2121 fractio
1426 2095 1570 2130 semper
1585 2085 1687 2121 vadit
1706 2087 1905 2124 declinan-

1280 2143 1330 2178 do
1357 2144 1405 2179 ad
1432 2142 1775 2188 perpendicularem
1806 2157 1907 2191 quae

1280 2202 1328 2236 ab
1366 2201 1496 2236 eodem
1533 2207 1669 2246 puncto
1708 2204 1906 2249 egreditur

1280 2270 1363 2294 cum
1398 2270 1450 2295 ea.
1516 2257 1628 2304 Quod
1665 2259 1697 2294 si
1737 2271 1906 2307 corpora

1281 2316 1449 2352 densiora
1459 2322 1583 2352 essent
1592 2316 1762 2362 superius
1777 2330 1800 2354 e
1812 2330 1904 2356 con-

1281 2374 1392 2410 trario
1403 2375 1517 2411 modo
1527 2374 1720 2411 accideret.
1747 2375 1800 2412 Et
1813 2388 1903 2414 cum

1279 2431 1448 2468 densiora
1472 2433 1546 2467 sint
1568 2431 1740 2468 inferiora
1767 2444 1904 2471 secun-

1280 2489 1371 2525 dum
1395 2490 1508 2525 situm
1530 2489 1737 2525 naturalem
1766 2502 1905 2539 corpo-

1280 2557 1361 2582 rum
1386 2547 1520 2589 mundi,
1538 2546 1689 2592 planum
1709 2554 1772 2583 est
1795 2551 1904 2596 quod

1281 2604 1407 2640 fractio
1440 2604 1558 2650 posita
1596 2604 1692 2640 inter
1724 2612 1903 2644 centrum

615 2661 740 2697 mundi
762 2667 799 2697 et
824 2661 989 2708 superius
1008 2662 1143 2697 recedit
1163 2673 1184 2697 a
1210 2661 1505 2708 perpendiculari,
1522 2667 1563 2697 ut
1579 2667 1684 2707 patet
1706 2662 1744 2698 in
1768 2663 1904 2712 figura.

614 2718 713 2754 Nam
729 2718 759 2755 si
775 2732 800 2756 a
816 2720 864 2755 sit
882 2730 949 2763 res,
960 2731 985 2754 a
996 2718 1018 2755 b
1034 2720 1158 2755 radius
1175 2718 1311 2755 fractus
1328 2720 1465 2756 recedit
1481 2730 1503 2754 a
1521 2720 1819 2766 perpendiculari
1836 2725 1903 2771 cs.

863 2591 929 2618 Fxo.
947 2598 1006 2626 ¹0³·
