2350 3580
657 523 725 558 500
958 515 1000 547 M
1001 514 1059 548 UL
1065 514 1248 547 TJPLICA
1253 514 1284 547 T
1279 514 1331 547 10
1361 513 1647 547 SPECJERUM

656 605 705 641 ab
737 617 762 640 a
795 610 943 651 puncto,
976 616 1040 651 per
1073 605 1271 641 secundam
1304 610 1446 651 partem
1479 604 1650 640 decimae
1687 609 1830 640 sextae
1856 604 1944 640 tertii

659 662 832 699 Euclidis.
881 662 1033 699 sienim
1052 662 1175 708 aliqua
1195 662 1292 698 linea
1316 667 1414 698 recta
1439 662 1635 708 contingat
1657 661 1862 705 circulum,
1878 672 1944 697 non

658 726 714 756 est
731 720 919 766 possibile,
934 726 976 755 ut
997 720 1085 756 dicit
1106 721 1174 756 iste
1193 720 1364 765 Jacobus‚
1383 725 1422 756 ut
1439 731 1461 754 a
1478 725 1575 762 nota,
1592 730 1714 765 supra
1733 730 1852 765 quarn
1867 730 1945 754 con·

658 777 777 824 tingat
794 778 979 822 circulum,
996 778 1219 823 producatur
1238 777 1336 813 linea
1360 784 1458 813 recta
1483 778 1519 812 in
1544 783 1699 823 partem
1724 777 1870 813 circuli.
1885 776 1944 812 nis-i

657 834 751 871 linea
763 835 935 871 circulum
948 846 1084 878 secanS,
1097 836 1190 871 sicut
1207 841 1264 872 est
1283 835 1378 871 linea
1394 847 1418 870 a
1429 847 1464 880 n,
1478 846 1574 881 quae
1589 834 1778 871 circulum
1796 841 1898 871 secat
1913 835 1944 869 in

658 898 675 928 t
689 899 837 938 puncto.
888 893 975 929 Non
1000 899 1057 929 est
1079 905 1168 939 ergo
1188 893 1359 940 possibile
1379 899 1420 929 ut
1437 893 1677 940 protrahatur
1694 894 1752 929 ab
1768 906 1795 929 a
1813 899 1945 939 puncto

657 949 751 985 linea
768 956 868 986 recta
884 951 932 986 ad
950 956 1075 986 notam
1092 962 1129 994 n,
1145 951 1347 997 gibbositas
1365 962 1524 996 namque
1539 962 1564 986 a
1578 956 1595 985 t
1610 951 1799 997 prohibet
1817 951 1943 986 lineam

656 1019 679 1043 a
696 1007 932 1049 rectitudine;
959 1019 1025 1044 nec
1047 1008 1094 1043 ad
1121 1014 1248 1044 notam
1272 1008 1431 1055 aliquam
1455 1007 1576 1052 aliam,
1594 1019 1697 1054 quae
1723 1008 1775 1044 sit
1802 1009 1842 1043 in
1866 1019 1943 1044 arcu

656 1064 681 1099 Ιι
694 1077 729 1100 η.
781 1066 831 1101 Et
848 1066 1013 1101 similiter
1030 1066 1067 1101 in
1083 1077 1169 1102 arcu
1185 1078 1260 1110 ιη
1284 1067 1458 1113 quoniam
1475 1065 1710 1112 impossibile
1728 1072 1791 1102 est
1815 1066 1942 1102 lineam

657 1128 794 1158 rectam
814 1124 946 1159 cadere
965 1124 1060 1159 inter
1084 1123 1218 1159 lineam
1243 1124 1515 1171 contingentiae
1539 1130 1578 1159 et
1603 1123 1942 1159 circumferentiam

1264 1182 1398 1219 circuli.
1447 1180 1689 1228 Quapropter
1719 1192 1800 1216 non
1829 1180 1942 1216 veniet

1263 1240 1403 1286 species
1431 1240 1479 1275 ab
1512 1250 1536 1275 a
1567 1244 1712 1285 puncto
1750 1249 1874 1284 usque
1898 1237 1939 1273 ad

1263 1298 1344 1333 loca
1372 1309 1468 1344 quae
1492 1301 1578 1333 sunt
1611 1297 1648 1331 in
1682 1297 1855 1332 arcubus
1885 1308 1904 1331 e
1921 1306 1941 1330 e

1262 1361 1300 1390 et
1332 1355 1357 1390 Ιι
1379 1367 1414 1397 n,
1447 1355 1512 1391 sed
1549 1354 1670 1390 solum
1712 1355 1765 1389 ad
1806 1359 1940 1400 puncta

1262 1423 1367 1449 arcus
1399 1412 1423 1447 lt
1445 1424 1475 1454 z,
1509 1418 1549 1448 ut
1582 1416 1688 1457 patet
1732 1413 1771 1447 in
1814 1412 1938 1458 figura.

1263 1470 1382 1516 Igitur
1414 1481 1463 1506 ex
1498 1469 1554 1505 his
1588 1469 1852 1515 colligendum
1886 1474 1937 1505 est

1262 1527 1434 1572 praecise,
1462 1527 1562 1573 quod
1598 1527 1647 1562 ad
1683 1527 1779 1562 nihil
1817 1527 1937 1572 spatii,

1260 1585 1360 1630 quod
1399 1590 1456 1621 est
1490 1585 1584 1620 inter
1617 1583 1757 1620 linaem
1793 1585 1935 1621 contin·

1259 1644 1406 1689 gentiae
1443 1649 1480 1678 et
1512 1653 1645 1688 corpus
1686 1642 1934 1688 sphaericum.

1260 1706 1383 1746 potest
1403 1701 1522 1736 venire
1538 1700 1678 1746 species
1693 1711 1718 1734 a
1738 1707 1883 1746 puncto
1900 1701 1932 1736 in

1259 1770 1334 1804 quo
1371 1758 1463 1794 linea
1497 1759 1689 1804 sphaeram
1727 1760 1933 1806 contingit;

1259 1817 1324 1852 sed
1363 1818 1410 1852 ad
1448 1817 1571 1851 omnia
1606 1815 1667 1851 illa
1704 1816 1800 1857 loca.
1841 1828 1932 1864 quae

1258 1880 1471 1919 separantur
1503 1884 1526 1908 a
1558 1884 1708 1919 corpore
1737 1875 1932 1921 sphaerico

1260 1942 1325 1977 per
1349 1931 1482 1966 lineam
1507 1923 1793 1977 contingentiae,
1815 1933 1933 1979 possi·

1258 1987 1331 2023 bile
1343 1993 1399 2024 est
1412 1994 1452 2024 ut
1464 1989 1584 2024 veniat
1597 1989 1749 2034 species,
1764 1995 1803 2024 et
1817 1991 1932 2026 virtus

649 2041 813 2085 corporis
839 2042 991 2086 agentis,
1009 2054 1082 2078 non
1107 2043 1226 2079 solum
1251 2055 1366 2091 prope
1382 2046 1446 2081 sed
1467 2045 1588 2091 longe,
1605 2047 1809 2081 secundum
1830 2047 1932 2083 sorti-

651 2099 816 2133 tudinem
833 2099 976 2135 virtutis
993 2100 1115 2146 ipsius.

466 2161 496 2188 ιιι
509 2161 555 2188 the
701 2154 877 2192 Similiter
892 2164 975 2192 'cum
994 2157 1064 2193 hoc
1081 2160 1387 2196 considerandum
1403 2166 1460 2196 est
1482 2162 1582 2206 quod
1604 2161 1738 2197 dicitur
1766 2162 1863 2199 libro
1886 2164 1932 2200 de

463 2197 635 2262 3(ῗὲῗέῑῇ
652 2210 885 2258 Crepusculo,
907 2225 990 2249 cum
1014 2215 1110 2251 duae
1132 2216 1310 2261 sphaerae
1334 2224 1418 2254 sunt
1444 2218 1625 2264 aequales,
1648 2225 1734 2254 tunc
1762 2220 1855 2256 illud
1882 2222 1929 2256 de

463 2269 618 2334 affigam
649 2275 803 2316 utraque
818 2273 919 2317 quod
938 2273 1083 2319 respicit
1104 2274 1213 2309 aliam
1235 2281 1291 2311 est
1314 2277 1492 2311 medietas
1513 2276 1711 2322 sphaerae3
1736 2290 1825 2314 cum
1844 2291 1931 2315 vero

463 2341 580 2370 hnisthe
648 2326 763 2363 altera
786 2335 842 2364 est
866 2330 993 2371 minor,
1010 2336 1096 2365 tunc
1118 2331 1206 2367 illud
1230 2334 1329 2378 quod
1351 2345 1400 2369 ex
1422 2334 1559 2370 minore
1579 2335 1724 2380 respicit
1747 2337 1930 2382 majorem

462 2378 634 2442 {ggstffiafflr
647 2391 702 2420 est
733 2385 814 2431 plus
842 2387 1040 2423 medietate
1072 2389 1232 2432 minoris,
1248 2395 1286 2425 et
1319 2391 1367 2426 de
1399 2392 1548 2437 majore,
1572 2393 1692 2428 minus
1724 2395 1931 2430 medietate

460 2450 485 2477 is
496 2450 632 2484 involved,
647 2442 750 2478 illius.
803 2443 854 2480 Et
871 2455 919 2480 ex
937 2445 1007 2480 hoc
1024 2451 1138 2491 patet,
1154 2457 1238 2482 cum
1256 2450 1394 2493 species
1411 2450 1509 2485 venit
1531 2461 1553 2485 a
1577 2449 1706 2494 majori
1731 2450 1929 2496 sphaerico

462 2486 621 2551 ffiffi‘f‘ffie
646 2511 755 2545 super
779 2501 908 2545 minus,
924 2503 1046 2538 veniet
1070 2515 1092 2538 a
1119 2505 1258 2540 minore
1281 2506 1360 2551 ejus
1385 2507 1563 2552 portione,
1582 2512 1619 2542 et
1643 2519 1727 2542 cum
1753 2510 1882 2545 veniat
1907 2523 1930 2546 a

461 2557 558 2593 inger.
647 2557 778 2593 minori
819 2559 973 2604 sphaera
1014 2571 1123 2607 super
1163 2562 1348 2607 majorem,
1382 2554 1502 2600 veniet
1536 2576 1558 2600 a
1592 2565 1718 2610 majori
1753 2568 1930 2612 portione

645 2615 821 2661 sphaerae
858 2617 1030 2659 minoris;
1077 2624 1114 2654 et
1156 2630 1239 2654 curn
1272 2620 1443 2666 aequales
1476 2622 1547 2657 sint
1579 2622 1767 2668 sphaerae,
1804 2626 1928 2662 veniet

644 2673 785 2719 species
801 2684 823 2708 a
845 2675 1043 2711 medietate
1057 2676 1235 2721 sphaerae
1253 2678 1450 2723 utriusque.
1502 2679 1552 2714 Et
1572 2679 1680 2724 juxta
1707 2680 1777 2716 hoc
1806 2685 1928 2718 mani-

644 2728 780 2766 festum
807 2737 863 2767 est
891 2737 1068 2777 quantum
1096 2734 1144 2769 de
1176 2734 1366 2781 superficie
1399 2736 1570 2782 patientis
1602 2737 1728 2784 recipit
1758 2741 1927 2786 speciem
