2350 3580
579 716 648 761 328
814 717 988 751 OPERIS
1013 717 1223 757 MMORIS
1248 716 1376 750 PARS
1403 716 1623 750 SEPTIMA.

581 807 819 844 avertendam
836 808 952 844 aciem
971 818 1043 844 non
1060 808 1216 854 probam
1228 806 1252 841 ¹.
1272 832 1281 842 .
1296 831 1305 841 .
1320 834 1327 841 .
1346 807 1444 843 Turn
1463 812 1503 842 ut
1520 807 1592 842 illis
1608 817 1707 842 error
1720 817 1858 852 expro-

584 866 708 900 bretur
735 875 832 903 suus.
863 865 1019 901 docendi
1048 876 1120 900 non
1148 869 1292 900 tanturn
1320 864 1538 911 deplorandi
1567 869 1661 900 sunt.
1713 863 1758 899 l'n
1787 864 1858 899 tria

584 920 757 969 tempus¹
783 922 980 964 dividitur;
1014 923 1114 969 quod
1145 921 1226 965 fuit,
1250 922 1351 969 quod
1383 928 1445 965 est,
1472 923 1571 968 quod
1600 921 1763 958 futurum
1792 927 1857 957 est.

586 979 647 1014 Ex
664 979 721 1015 his
737 981 837 1026 quod
861 981 1006 1027 agimus
1028 981 1139 1017 breve
1161 986 1242 1015 est:
1268 980 1367 1027 quod
1390 981 1505 1015 acturi
1527 990 1665 1020 sumus,
1683 979 1858 1014 dubium:

584 1037 686 1083 quod
711 1038 863 1083 egimus.
888 1042 1039 1073 certum.
1092 1037 1178 1073 Hoc
1208 1042 1265 1073 est
1294 1038 1390 1072 enim
1424 1038 1458 1072 in
1490 1037 1589 1083 quod
1622 1035 1768 1072 fortuna
1797 1035 1860 1081 jus

586 1093 755 1140 perdidit,
768 1094 868 1140 quod
881 1094 917 1130 in
932 1093 1063 1130 nullius
1077 1094 1265 1130 arbitrium
1284 1094 1405 1130 reduci
1420 1099 1550 1140 potest.
1586 1093 1669 1130 Hoc
1683 1093 1859 1129 amittunt

586 1151 766 1198 occupati.
828 1151 908 1187 Nec
934 1153 1032 1188 enim
1063 1151 1132 1187 illis
1164 1158 1274 1198 vacat
1302 1151 1498 1198 praeterita
1527 1151 1727 1198 respicere;
1763 1157 1800 1186 et
1829 1151 1860 1185 si

587 1213 704 1253 vacet,
719 1208 917 1254 injucunda
934 1217 990 1244 est
1008 1210 1252 1257 poenitendae
1270 1210 1318 1244 rei
1336 1209 1554 1244 recordatio.
1604 1209 1712 1244 Inviti
1737 1209 1863 1254 itaque

588 1267 635 1302 ad
669 1271 838 1312 tempora
870 1266 968 1302 maie
999 1271 1132 1302 exacta
1159 1265 1325 1302 animum
1352 1271 1534 1308 revocant,
1561 1276 1627 1302 nec
1652 1267 1789 1302 audent
1818 1276 1863 1302 ea

590 1329 819 1370 retemptare.
837 1334 991 1370 quorum
1017 1323 1105 1360 vitia
1128 1348 1137 1359 .
1162 1349 1170 1358 .
1196 1350 1203 1360 .
1229 1324 1460 1360 retractando
1478 1329 1678 1369 patescunt.
1729 1323 1863 1364 Nemo.

588 1381 656 1416 nisi
676 1376 730 1430 [a]
750 1392 823 1427 quo
846 1381 970 1416 omnia
992 1386 1076 1415 acta
1095 1386 1182 1416 sunt
1203 1381 1271 1416 sub
1292 1391 1443 1416 censura
1465 1391 1543 1423 sua,
1558 1391 1654 1426 quae
1674 1391 1863 1425 nunquam

590 1436 736 1480 fallitur,
755 1438 910 1474 iibenter
933 1449 972 1473 se
998 1439 1035 1473 in
1061 1439 1300 1483 praeteritum
1327 1443 1525 1483 retorquet.
1576 1436 1644 1473 Ille
1663 1438 1725 1483 qui
1746 1437 1864 1473 multa

590 1494 785 1531 ambitiose
823 1494 1021 1541 concupiit,
1054 1496 1211 1542 superbe
1243 1495 1476 1541 contempsit,
1512 1495 1734 1541 impotenter
1764 1495 1866 1537 vicit,

593 1553 765 1588 insidiose
797 1552 952 1597 decepit,
979 1563 1085 1587 avare
1114 1553 1250 1598 rapuit,
1274 1553 1429 1598 prodige
1462 1551 1603 1595 effudit,
1629 1563 1776 1587 necesse
1809 1558 1865 1588 est

593 1621 697 1646 suam
738 1610 952 1645 memoriam
994 1611 1134 1646 timeat.
1201 1610 1319 1656 Atqui
1352 1610 1444 1645 haec
1481 1615 1536 1645 est
1570 1621 1654 1655 pars
1687 1611 1867 1657 temporis

593 1667 706 1704 nostri
732 1678 835 1703 sacra
859 1678 903 1703 ac
928 1667 1108 1711 dedicata,
1132 1677 1261 1703 ornnes
1288 1667 1467 1703 humanos
1494 1678 1598 1703 casus
1623 1678 1867 1714 supergressa,

594 1730 699 1761 extra
719 1736 868 1770 regnum
887 1725 1053 1761 fortunae
1070 1725 1263 1764 subducta,
1274 1735 1385 1770 quarn
1407 1736 1478 1761 non
1497 1725 1629 1770 inopia,
1645 1735 1717 1761 non
1737 1731 1868 1768 metus,

595 1794 669 1818 non
688 1782 899 1817 morborum
919 1783 1083 1817 incursus
1099 1783 1276 1828 exagitet.
1330 1783 1435 1817 Haec
1453 1793 1521 1816 nec
1538 1782 1674 1817 turbari
1693 1793 1758 1817 nec
1776 1784 1867 1828 eripi

597 1845 739 1886 potest;
783 1846 961 1885 perpetua
994 1838 1073 1885 ejus
1105 1846 1143 1874 et
1176 1839 1359 1885 intrepida
1390 1839 1572 1884 possessio
1605 1845 1672 1875 est.
1723 1839 1867 1886 Singuli

596 1903 739 1933 tantum
757 1897 843 1937 dies,
861 1902 899 1931 et
916 1896 952 1931 hi
971 1907 1037 1943 per
1054 1901 1254 1938 momenta,
1267 1902 1476 1943 praesentes
1492 1901 1596 1937 sunt3
1623 1903 1662 1932 at
1680 1899 1867 1943 praeteriti

595 1955 772 1999 temporis
798 1965 928 1989 omnes
957 1965 1041 1989 curn
1068 1954 1248 2000 jusseritis
1274 1955 1441 1996 aderunt,
1466 1954 1515 1989 ad
1543 1955 1732 1989 arbitrium
1763 1962 1867 1990 tuurn

597 2012 723 2057 inspici
744 2024 783 2047 se
806 2023 848 2047 ac
872 2012 1023 2047 detineri
1043 2012 1228 2058 patientur
1248 2038 1254 2047 .
1274 2037 1283 2046 .
1303 2037 1310 2046 .
1332 2010 1490 2047 Securae
1512 2017 1550 2047 et
1570 2011 1716 2057 quietae
1736 2013 1871 2049 mentiz

597 2077 655 2106 est
670 2070 706 2105 in
724 2080 852 2105 ornnes
866 2070 961 2106 vitae
979 2080 1065 2106 suae
1083 2076 1207 2116 partes
1223 2069 1445 2110 discurrere;
1465 2076 1727 2116 occupatorum
1745 2071 1871 2114 animi,

599 2127 699 2162 velut
728 2127 799 2162 sub
830 2127 921 2172 jugo
952 2128 1034 2169 sint,
1064 2126 1211 2162 flectere
1244 2138 1285 2162 se
1316 2138 1360 2161 ac
1394 2127 1570 2174 respicere
1599 2138 1672 2162 non
1707 2136 1871 2175 possunt.

598 2185 695 2220 Abit
727 2185 839 2230 igitur
864 2185 940 2219 vita
974 2195 1099 2219 eorum
1130 2185 1165 2219 in
1199 2182 1421 2231 profundum
1448 2210 1456 2218 .
1484 2210 1492 2221 .
1521 2211 1528 2220 .
1554 2186 1605 2219 sic
1638 2185 1726 2220 nihii
1763 2186 1871 2221 refert

600 2247 779 2288 quantum
806 2242 981 2287 temporis
1006 2242 1112 2277 detur
1137 2269 1144 2277 .
1170 2269 1176 2277 .
1201 2269 1208 2277 .
1234 2252 1299 2287 per
1321 2252 1475 2288 quassos
1497 2241 1704 2288 foratosque
1729 2243 1874 2279 animos

600 2299 875 2334 transmittitur,
927 2299 1099 2334 Praesens
1123 2306 1272 2344 tempus
1296 2299 1547 2336 brevissimum
1572 2306 1627 2335 est
1646 2312 1654 2342 ;
1678 2300 1774 2335 adeo
1792 2301 1872 2347 qui·

600 2358 684 2392 dem
708 2362 748 2392 ut
770 2358 990 2402 quibusdam
1017 2357 1157 2391 nullum
1176 2358 1354 2392 videatur.
1406 2357 1447 2391 In
1476 2368 1581 2391 cursu
1606 2358 1703 2392 enim
1727 2369 1876 2403 semper

601 2420 668 2457 est,
693 2413 773 2450 fluit
799 2421 836 2450 et
861 2414 1130 2460 praecipitatur,
1157 2420 1242 2450 ante
1270 2415 1401 2450 desinit
1432 2425 1512 2450 esse
1536 2426 1647 2460 quam
1678 2416 1815 2450 venit..
1838 2441 1871 2450 ..

604 2471 732 2508 Solum
763 2473 875 2517 igitur
900 2472 946 2507 ad
974 2478 1176 2517 occupatos
1208 2482 1377 2518 praesens
1406 2472 1564 2518 pertinet
1592 2478 1747 2518 tempus,
1772 2474 1871 2518 quod

600 2535 678 2564 tam
696 2530 806 2564 breve
821 2535 876 2564 est
892 2535 933 2563 ut
950 2529 1065 2574 adripi
1083 2541 1154 2564 non
1171 2530 1299 2574 possit,
1316 2535 1354 2564 et
1372 2531 1408 2564 id
1426 2530 1544 2574 ipsum
1564 2529 1632 2564 iilis
1645 2530 1818 2564 districtis
1838 2531 1871 2567 in

604 2586 719 2622 multa
737 2586 961 2622 subducitur.

419 2650 463 2676 De
476 2646 569 2690 Brevi·
656 2644 846 2690 ‘Denique
870 2644 923 2679 vis
957 2644 1048 2679 scire
1083 2655 1196 2689 quam
1232 2655 1306 2679 non
1339 2644 1403 2679 diu
1435 2643 1584 2679 vivant?
1634 2644 1730 2680 Vide
1763 2655 1876 2691 quam

418 2684 577 2757 assYssfn'
606 2702 755 2750 cupiant
796 2702 857 2736 diu
901 2702 1030 2737 vivere.
1082 2702 1265 2746 Decrepiti
1310 2713 1416 2736 senes
1456 2713 1654 2746 paucorum
1696 2713 1874 2737 annorum

606 2761 851 2796 accessionem
892 2761 988 2795 votis
1030 2760 1248 2795 mendicant.
1319 2759 1481 2794 Minores
1521 2765 1607 2794 natu
1654 2759 1753 2804 ipsos
1797 2772 1890 2812 esse·

608 2818 759 2863 fingunt.
826 2816 1024 2852 Mendacio
1052 2817 1120 2852 sibi
1157 2816 1396 2861 blandiuntur,
1432 2813 1486 2864 [et
1518 2815 1612 2862 tam]
1645 2815 1801 2852 libenter
1838 2830 1878 2854 se

715 2935 724 2953 ¹
746 2935 920 2971 improbi-nri,
937 2935 972 2962 D.
987 2941 1014 2962 et
1030 2934 1068 2962 Ο.
1272 2933 1283 2950 ¹
1303 2934 1334 2962 ln
1347 2935 1401 2962 *trin
1414 2939 1542 2968 tempora
1553 2935 1608 2962 vita
1621 2934 1766 2971 (Seneca).
