2350 3580
578 699 647 743 296
816 700 989 734 OPERIS
1016 699 1227 739 MAJORJS
1253 699 1381 734 PARS
1407 698 1629 734 SEPTIMA.

579 796 837 837 argumentum
863 790 911 827 sit
932 790 1032 837 juste
1057 789 1245 826 irascentis
1274 790 1434 836 graviter
1458 788 1585 826 irasci?
1612 815 1623 826 .
1649 817 1657 827 .
1684 815 1694 826 .
1718 788 1855 837 ‘Quod

579 848 744 883 accidere
755 848 859 884 vides
875 848 1094 883 animalibus
1111 847 1240 891 brutis,
1252 847 1288 883 id
1306 847 1344 882 in
1359 847 1509 883 homine
1521 847 1784 895 deprehendes.
1798 871 1808 881 .
1821 870 1834 882 0
1847 871 1857 881 .

582 905 633 940 Et
645 910 790 940 taurum
808 906 908 940 color
921 905 1145 940 rubicundus
1161 906 1312 948 excitat,
1325 905 1372 940 ad
1390 905 1558 940 umbram
1576 905 1676 950 aspis
1688 904 1860 951 assurgit,

579 974 684 999 ursos
706 962 903 1009 leonesque
927 975 1062 1009 mappa
1084 963 1251 1010 proritat.
1301 962 1439 999 Omnia
1456 975 1552 1009 quae
1567 961 1644 998 sera
1664 975 1708 999 ac
1727 962 1858 998 rabida

581 1025 677 1062 sunt,
689 1026 970 1057 consternantur
986 1021 1031 1057 ad
1048 1020 1162 1057 vana-³
1201 1021 1253 1057 Et
1268 1020 1458 1057 consimile
1472 1021 1561 1056 dicit
1574 1020 1670 1057 libro
1685 1021 1859 1061 secundo,

582 1077 720 1112 ‘Vanis
759 1078 877 1113 vana¹
920 1079 1048 1113 terrori
1081 1084 1181 1114 sunt.
1240 1078 1416 1114 Curriculi
1460 1083 1583 1114 motus
1622 1083 1859 1123 rotarumque

582 1141 725 1170 versata
747 1133 859 1171 facies
880 1134 1006 1171 leones
1030 1137 1174 1182 redegit
1194 1137 1230 1171 in
1250 1147 1410 1189 caveam.
1462 1134 1690 1181 Elephantos
1707 1136 1859 1182 porcina

581 1204 658 1228 vox
684 1192 817 1229 terret!
870 1193 921 1230 Et
946 1194 983 1229 in
1009 1194 1121 1229 tertio
1145 1193 1254 1229 dicit:
1281 1193 1407 1229 ‘Idem
1433 1191 1627 1240 inquietis¹
1652 1199 1689 1229 et
1714 1191 1860 1228 stolidis

584 1250 741 1296 ingeniis
761 1251 890 1286 evenit.
943 1251 1081 1286 Rerum
1108 1251 1312 1296 suspicione
1332 1250 1511 1287 feriuntur
1530 1251 1625 1286 adeo
1645 1250 1796 1296 quidem
1817 1255 1859 1286 ut

583 1307 736 1352 injurias
765 1312 899 1358 vocent
933 1309 1079 1344 modim
1108 1308 1299 1351 beneficia,
1323 1308 1359 1343 in
1392 1309 1527 1354 quibus
1556 1307 1860 1353 frequentissima,

586 1370 684 1400 certe
712 1365 957 1405 acerbissima.
982 1365 1194 1401 iracundiae
1229 1366 1381 1402 materia
1414 1371 1481 1401 est.
1532 1364 1736 1401 Carissimis
1760 1364 1859 1400 enirn

585 1422 772 1459 irascimur
795 1423 895 1468 quod
918 1423 1059 1459 minora
1081 1423 1189 1459 nobis
1213 1423 1461 1470 praestiterint
1485 1433 1596 1468 quam
1626 1427 1748 1459 mente
1772 1433 1863 1459 con·

585 1480 759 1526 cepimus,
772 1491 961 1526 quamque
977 1481 1039 1515 alii
1055 1481 1214 1516 tulerint.
1230 1506 1239 1514 .
1252 1507 1262 1516 .
1272 1506 1281 1514 .
1294 1483 1311 1500 ‘⁸
1323 1481 1445 1515 Minus
1461 1481 1579 1515 habeo
1592 1491 1704 1525 quarn
1717 1480 1860 1526 speravi

587 1563 596 1573 .
623 1563 630 1572 .
658 1562 666 1573 .
692 1548 805 1583 quam
826 1536 970 1573 debui.¹'
1022 1537 1127 1574 Haec
1152 1550 1239 1584 pars
1265 1538 1430 1574 maxime
1452 1537 1648 1573 metuenda
1669 1542 1750 1578 est:
1773 1536 1860 1572 hinc

586 1594 856 1641 pernicissimae
870 1595 943 1631 irae
959 1602 1167 1637 nascuntur,
1181 1602 1218 1631 et
1234 1595 1465 1632 sanctissima
1476 1605 1645 1641 quaeque
1662 1595 1863 1631 invasurae.

587 1652 724 1687 Divum
741 1652 881 1696 julium
900 1652 1022 1698 plures
1039 1653 1147 1688 amici
1163 1653 1398 1688 confecerunt
1414 1664 1525 1697 quam
1543 1652 1687 1695 inimici,
1705 1663 1861 1697 quorum

586 1721 660 1745 non
686 1709 900 1756 expleverat
926 1721 1009 1756 spes
1034 1710 1276 1757 inexplebiles
1296 1737 1303 1746 .
1325 1735 1334 1745 .
1356 1736 1363 1745 .
1385 1710 1516 1755 Neque
1542 1710 1638 1744 enim
1667 1710 1861 1755 quisquam

586 1767 735 1803 victoria
760 1767 946 1804 liberalius
972 1778 1057 1804 usus
1081 1773 1150 1810 est,
1176 1778 1226 1804 ex
1253 1778 1327 1814 qua
1351 1767 1441 1803 nihil
1467 1767 1536 1803 sibi
1565 1767 1764 1804 vindicavit
1794 1766 1864 1801 nisi

586 1825 822 1870 dispensandi
850 1830 1082 1871 potestatem.
1134 1825 1212 1861 Sed
1241 1825 1553 1873 quemadmodum
1587 1825 1752 1860 sufficere
1785 1830 1863 1859 tam

588 1882 761 1928 improbis
779 1883 968 1918 desideriis
986 1888 1123 1929 posset,
1140 1894 1223 1918 cum
1243 1888 1387 1918 tanturn
1405 1894 1536 1918 omnes
1553 1880 1865 1927 concupiscerent,

587 1945 766 1985 quantum
790 1951 881 1975 unus
902 1944 1079 1987 poterat?
1097 1967 1103 1976 .
1123 1966 1132 1975 .
1152 1967 1159 1975 .
1181 1940 1286 1976 Haec
1309 1952 1366 1976 res
1390 1951 1455 1976 sua
1473 1940 1507 1975 in
1529 1951 1632 1986 reges
1654 1950 1756 1974 arma
1776 1949 1863 1974 con-

587 1997 708 2039 vertit,
721 1996 988 2043 fidissimosque
1008 2009 1052 2034 eo
1068 1998 1245 2045 compulit
1260 2004 1299 2034 ut
1312 1998 1360 2034 de
1376 2002 1493 2033 morte
1510 2007 1635 2032 eorum
1648 1997 1866 2042 cogitarent,

588 2065 655 2099 pro
681 2055 817 2099 quibus
843 2059 880 2089 et
910 2059 997 2090 ante
1028 2066 1123 2100 quos
1150 2056 1243 2090 mori
1265 2061 1396 2090 votum
1424 2054 1637 2090 habuerant.
1688 2053 1788 2089 Nulli
1815 2054 1864 2089 ad

588 2111 707 2147 aliena
728 2111 934 2157 respicienti
954 2122 1020 2147 sua
1050 2112 1210 2158 placent.
1228 2139 1237 2148 .
1256 2138 1263 2148 .
1283 2137 1292 2148 .
1310 2114 1432 2148 Tanta
1461 2111 1719 2158 importunitas
1745 2111 1866 2147 homi-

588 2179 676 2203 num
703 2174 768 2211 est,
786 2174 826 2203 ut
850 2170 1019 2214 quamvis
1045 2170 1161 2206 multa
1185 2170 1403 2216 acceperint,
1427 2169 1578 2213 injuriae
1602 2169 1685 2205 loco
1709 2169 1756 2205 sit
1780 2169 1867 2214 plus

588 2226 755 2272 accipere
779 2227 951 2272 potuisse.
1003 2228 1118 2265 Dedit
1148 2228 1239 2262 mihi
1265 2233 1496 2273 praeturam:
1532 2227 1598 2261 sed
1632 2227 1864 2262 consulatum

588 2295 828 2329 speraveram.
847 2310 855 2318 .
875 2311 881 2320 .
903 2310 910 2319 .
930 2285 1044 2321 Dedit
1070 2286 1157 2320 mihi
1181 2297 1274 2331 quae
1296 2285 1454 2320 debebat
1478 2282 1583 2318 alicui
1603 2284 1707 2319 dare:
1734 2285 1780 2319 de
1797 2296 1867 2320 suo

590 2340 678 2376 nihil
709 2341 872 2388 protulit.
923 2341 1010 2389 Age
1043 2342 1165 2388 potius
1199 2343 1336 2389 gratias
1366 2352 1431 2388 pro
1463 2340 1521 2375 his
1554 2351 1649 2387 quae
1683 2341 1866 2387 accepisti.

590 2398 748 2444 Reliqua
772 2403 943 2444 expecta,
968 2407 1004 2436 et
1030 2401 1193 2436 nondum
1221 2401 1370 2445 plenum
1399 2409 1479 2434 esse
1510 2402 1546 2433 te
1574 2399 1704 2444 gaude.
1766 2398 1868 2436 Inter

589 2455 799 2502 voluptates
823 2462 879 2492 est
903 2468 1094 2502 superesse
1117 2459 1219 2503 quod
1243 2468 1374 2503 speres.
1399 2482 1406 2491 .
1429 2481 1438 2491 .
1458 2482 1467 2491 .
1490 2455 1691 2492 Considera
1724 2462 1869 2501 quanto

589 2514 786 2549 antecedas
803 2513 923 2560 plures
941 2524 1050 2560 quam
1070 2515 1252 2560 sequaris.'

404 2578 448 2609 (a)
467 2575 557 2613 Deis-y
641 2570 853 2606 Secundum
879 2577 934 2613 est
960 2582 1063 2606 mora
1090 2572 1123 2606 in
1150 2574 1345 2609 exacaTone
1382 2583 1534 2619 poenae.
1585 2571 1698 2606 ‘Unde
1725 2570 1869 2607 Seneca

403 2613 539 2678 &affigi-¹³²
590 2628 681 2663 dicit
695 2627 992 2672 secundolibro,⁴
1005 2629 1239 2664 Maximum³
1259 2630 1460 2665 remedium
1476 2631 1550 2664 irae
1561 2639 1663 2663 mora
1672 2634 1737 2663 est.
1783 2629 1869 2669 Hoc

592 2685 640 2720 ab
659 2683 719 2720 illa
737 2691 823 2732 pete
843 2685 877 2720 in
901 2685 1014 2727 initio,
1036 2697 1108 2721 non
1125 2693 1165 2722 ut
1185 2686 1363 2732 ignoscat,
1380 2689 1443 2722 sed
1472 2693 1510 2722 ut
1523 2685 1663 2731 judicet
1681 2698 1687 2720 :
1714 2685 1869 2729 desinet,

590 2743 620 2777 si
655 2741 852 2789 expectat.'
903 2743 952 2779 Et
986 2743 1022 2778 in
1057 2744 1168 2780 tertio
1201 2744 1289 2780 dicit
1339 2743 1463 2778 ‘Nihil
1497 2742 1594 2778 tibi*
1629 2742 1745 2785 liceat,
1777 2744 1867 2780 dum

591 2801 764 2836 irasceris.
830 2800 981 2846 Quare?
1013 2802 1101 2846 quia
1133 2801 1190 2836 vis
1228 2802 1350 2836 omnia
1383 2801 1497 2836 licere
1563 2800 1689 2846 Pugna
1723 2805 1869 2836 tecum:

812 2886 817 2902 ¹
836 2884 880 2912 De
891 2885 949 2917 Im,
965 2884 991 2912 ii.
1008 2892 1050 2913 ιι.
1416 2884 1428 2902 ²
1447 2885 1478 2913 οὗ.
1494 2885 1531 2913 iii.
1545 2893 1592 2919 3⁰-
1605 2893 1649 2918 3¹-

808 2931 819 2946 ¹
836 2928 870 2955 ib.
884 2927 911 2954 ii.
925 2936 971 2963 ²9-
1419 2930 1427 2945 ·
1447 2929 1481 2956 a».
1495 2928 1533 2957 iii.
1550 2936 1592 2962 m,
1608 2937 1650 2963 ¹3·
