2350 3580
428 1992 533 2029 §incie-
544 1991 568 2019 is

430 2027 545 2093 223¹ss

427 2101 468 2129 he
481 2105 573 2136 egent.

428 2137 477 2165 md
489 2145 529 2165 re·

428 2173 544 2206 zemble·
556 2173 586 2201 it.

593 518 662 553 410
886 510 1175 545 MULTJPLJCA
1181 510 1260 545 Tlo
1286 510 1569 545 SPECJERUM

593 605 675 636 rent
701 600 738 636 in
764 600 917 636 somniis
944 606 1123 647 tanquam
1153 612 1212 637 res
1238 611 1395 647 quarum
1421 605 1516 642 sunt,
1537 600 1624 647 quia
1648 600 1704 636 eis
1727 600 1879 636 assimi-

594 657 738 701 lantur;
762 662 801 693 et
824 658 949 694 anima
972 669 1046 695 non
1068 665 1124 695 est
1147 659 1200 695 ita
1222 664 1355 706 potens
1375 657 1543 705 judicare
1558 658 1595 693 in
1610 658 1755 694 somnis
1777 659 1878 695 sicut

596 716 635 751 in
658 715 795 763 vigilia,
818 721 857 752 et
880 716 965 752 ideo
988 716 1180 763 decipitur,
1204 716 1404 753 aestimans
1427 716 1567 763 species
1588 727 1669 752 esse
1691 716 1795 762 ipm
1818 726 1879 751 res

597 784 752 820 quarum
774 779 861 810 sunt
880 778 1030 820 propter
1047 773 1335 811 similitudinem.
1385 773 1418 809 F
1418 785 1522 810 orma
1542 773 1693 821 quidem
1715 778 1879 810 vocatur

598 831 635 867 in
668 842 735 867 usu
769 831 951 875 Alhazen,
983 832 1142 869 auctoris
1175 831 1429 877 Perspectivae
1462 831 1646 878 vulgatae.
1704 831 1877 867 Intentio

598 895 750 925 vocatur
771 888 809 924 in
829 900 897 925 usu
919 889 1019 935 vulgi
1044 890 1267 926 naturalium
1293 895 1443 936 propter
1458 889 1688 926 debilitatem
1714 890 1772 925 sui
1796 900 1879 925 esse

598 952 765 993 respectu
782 947 844 989 rei,
860 947 1014 983 dicentis
1029 947 1130 993 quod
1147 957 1222 982 non
1240 952 1298 983 est
1313 958 1398 982 vere
1415 957 1483 991 res,
1494 947 1561 983 sed
1578 947 1698 994 magis
1715 946 1879 982 intentio

598 1004 660 1046 rei,
679 1004 716 1040 id
742 1009 811 1048 δὲ,
835 1003 1048 1040 similitudo.
1098 1004 1243 1041 Umbra
1268 1004 1570 1050 philosophorum
1598 1004 1763 1048 vooetur,
1789 1003 1881 1050 quia

598 1073 673 1098 non
696 1067 754 1098 est
778 1062 872 1098 bene
894 1062 1073 1098 sensibilis
1095 1062 1164 1098 nisi
1189 1062 1227 1097 in
1252 1073 1339 1098 casu
1364 1061 1499 1109 duplici
1524 1062 1638 1105 dicto,
1661 1061 1806 1098 scilicet
1829 1062 1881 1097 de

599 1120 704 1156 radio
726 1120 880 1156 mdente
902 1131 968 1167 per
989 1119 1197 1164 fenestram,
1213 1125 1252 1156 et
1276 1120 1325 1156 de
1346 1119 1470 1165 specie
1491 1118 1634 1155 fortiter
1654 1119 1825 1162 colorati,
1841 1123 1882 1155 et

600 1177 733 1213 dicitur
751 1188 832 1214 esse
854 1177 1170 1225 philosophorum,
1186 1178 1272 1224 quia
1294 1176 1363 1214 soli
1386 1182 1556 1223 potenter
1573 1175 1882 1223 philosophantes

599 1240 828 1281 cognoscunt
845 1235 948 1271 istius
966 1236 1119 1271 umbrae
1140 1241 1308 1271 naturam
1329 1239 1368 1271 et
1390 1234 1653 1280 operationem,
1670 1238 1713 1270 ut
1734 1245 1787 1269 ex
1808 1233 1882 1269 hoc

599 1297 759 1329 tractatu
784 1293 969 1329 clarescet.
1018 1293 1164 1329 Dicitur
1186 1304 1274 1329 vero
1302 1293 1415 1329 virtus
1436 1298 1602 1338 respectu
1627 1291 1884 1337 generationis

600 1356 639 1386 et
666 1350 935 1397 corruptionis3
959 1351 1058 1386 unde
1086 1350 1244 1387 dicimus
1275 1350 1391 1386 solem
1421 1349 1538 1386 facere
1566 1349 1742 1386 virtutem
1772 1360 1883 1386 stiam

601 1407 639 1443 in
664 1408 855 1444 materiam
876 1408 1003 1444 mundi
1023 1419 1092 1455 pro
1112 1409 1349 1454 generatione
1363 1413 1402 1444 et
1417 1408 1653 1454 corruptione
1676 1406 1884 1451 faciendis3

601 1470 640 1501 et
664 1465 717 1500 sic
742 1465 789 1501 de
813 1465 912 1501 omni
935 1471 1069 1511 agente
1095 1466 1252 1502 dicimus
1276 1466 1377 1512 quod
1402 1465 1489 1502 facit
1513 1465 1685 1501 virtutem
1708 1475 1818 1500 suam
1844 1465 1884 1500 in

600 1522 755 1569 patiens.
808 1522 1005 1570 Impressio
1027 1529 1181 1560 vocatur
1205 1524 1293 1570 quia
1318 1529 1374 1559 est
1407 1522 1535 1558 similis
1568 1521 1885 1569 impressionibus,

602 1581 700 1616 unde
729 1580 952 1617 Aristoteles
978 1581 1090 1618 tertio
1117 1582 1166 1618 de
1194 1580 1359 1617 Anima¹
1385 1585 1576 1628 comparat
1601 1579 1885 1627 generationem

603 1638 737 1685 speciei
767 1639 994 1686 impressioni
1021 1639 1139 1676 sactae
1165 1639 1214 1676 ab
1238 1637 1373 1675 annulo
1397 1644 1436 1675 et
1460 1637 1581 1685 sigillo
1610 1638 1647 1674 in
1673 1635 1770 1681 cera}
1795 1637 1885 1674 lieet

604 1707 679 1732 non
690 1697 739 1732 sit
751 1696 870 1733 simile
888 1708 954 1743 per
969 1697 1107 1741 omnia,
1124 1697 1219 1734 sicut
1236 1702 1364 1744 postea
1381 1696 1526 1732 scietur.
1576 1695 1739 1732 Vocatur
1753 1701 1885 1731 autem

604 1755 735 1801 passio,
752 1755 840 1801 quia
858 1755 1020 1792 medium
1037 1760 1074 1791 et
1093 1766 1222 1791 sensus
1239 1756 1274 1790 in
1295 1755 1503 1800 recipiendo
1516 1753 1674 1800 speciem
1692 1753 1888 1800 patiuntur

604 1812 951 1848 transmutationem
971 1813 1008 1848 in
1028 1823 1096 1848 sua
1117 1812 1335 1856 substantia,
1357 1823 1453 1859 quae
1472 1811 1731 1847 transmutatio
1756 1817 1887 1847 tamen

604 1875 661 1905 est
699 1870 735 1905 in
769 1869 1031 1916 perfectionem
1063 1876 1102 1906 et
1134 1870 1303 1915 salutem,
1332 1870 1399 1905 nisi
1433 1868 1498 1905 fiat
1531 1868 1613 1915 plus
1648 1879 1762 1915 quam
1804 1868 1889 1904 sola

606 1918 757 1974 species,
782 1934 823 1964 ut
849 1934 979 1974 postea
1003 1928 1132 1964 melius
1157 1933 1373 1974 exponetur.

656 1984 958 2032 Investigandum
971 1992 1027 2022 est
1041 1986 1152 2032 igitur
1163 1986 1252 2032 quid
1270 1986 1318 2021 sit
1330 1986 1529 2022 secundum
1544 1996 1648 2020 suam
1664 1983 1888 2027 essentiam

606 2048 644 2079 et
664 2054 780 2089 quum
801 2043 957 2080 intentio
978 2049 1035 2080 est
1060 2044 1254 2079 ostendere
1278 2037 1379 2089 quo'd
1405 2042 1496 2078 haec
1517 2043 1659 2088 species
1684 2042 1731 2078 sit
1754 2041 1889 2078 similis

607 2101 732 2146 agenti
749 2107 787 2137 et
799 2102 988 2148 generanti
1006 2112 1089 2138 eam
1106 2101 1143 2136 in
1159 2101 1319 2136 essentia
1335 2107 1374 2136 et
1389 2099 1612 2144 definitione,
1626 2099 1709 2135 ideo
1723 2099 1889 2145 primum

609 2164 757 2205 oportet
774 2159 858 2195 duci
881 2159 917 2194 in
935 2159 1107 2202 medium,
1123 2159 1225 2205 quod
1245 2169 1374 2194 omnes
1395 2158 1532 2193 habent
1552 2156 1727 2200 confiteri,
1744 2157 1891 2193 scilicet

609 2217 710 2263 quod
743 2217 885 2264 species
911 2223 968 2254 est
1000 2217 1140 2264 primus
1170 2216 1323 2253 effectus
1356 2216 1507 2263 agentis.
1558 2215 1628 2251 Per
1659 2214 1753 2250 hanc
1786 2215 1889 2250 enim

611 2285 739 2311 omnes
767 2274 966 2310 aestimant
992 2273 1144 2311 effectus
1177 2281 1343 2310 caeteros
1376 2273 1540 2319 produci,
1569 2273 1667 2309 unde
1698 2273 1891 2319 sapientes

611 2338 650 2368 et
676 2333 888 2380 insipientes
916 2333 1012 2369 circa
1040 2332 1157 2368 multa
1182 2333 1218 2368 in
1243 2331 1446 2377 specierum
1470 2331 1678 2377 cognitione
1702 2329 1890 2366 differunt.

613 2389 897 2426 Communioent
923 2396 1047 2426 tamen
1077 2390 1114 2426 in
1138 2390 1220 2432 hoc,
1248 2389 1492 2436 quod'agcns
1522 2387 1639 2424 influit
1661 2387 1823 2434 speciem
1850 2393 1891 2424 et

650 2461 659 2479 ¹
677 2461 721 2490 Cf.
742 2461 785 2489 Da
802 2461 924 2495 Animo,
943 2461 971 2490 ii.
995 2469 1039 2495 rs,
1056 2462 1072 2494 ς
1088 2468 1112 2495 ι,
1126 2461 1187 2488 also
1200 2460 1238 2488 iii.
1257 2469 1300 2495 ιο,
1322 2462 1378 2495 59.
1416 2459 1448 2487 ln
1467 2469 1485 2487 ι
1504 2460 1638 2495 previous
1655 2459 1775 2494 chapter
1788 2459 1831 2495 (ii.
1847 2459 1889 2494 7),

612 2505 760 2540 Aristone,
770 2504 845 2532 ester
857 2504 1025 2539 explaining
1036 2505 1086 2532 the
1099 2505 1245 2538 necessity
1254 2504 1288 2532 ot
1296 2513 1314 2532 ι
1326 2504 1452 2532 medium
1465 2504 1509 2531 ior
1519 2503 1557 2532 ⁸11
1569 2511 1672 2532 sense·
1684 2507 1789 2538 except
1800 2504 1891 2531 touch

613 2550 670 2578 und
684 2553 768 2582 teste,
778 2549 932 2577 conceive·
943 2549 1093 2577 sensatior:
1102 2552 1133 2575 to
1143 2547 1209 2576 take
1222 2548 1302 2582 place
1315 2548 1353 2582 by
1363 2548 1471 2575 motion
1481 2550 1511 2575 ot
1522 2549 1570 2575 me
1581 2547 1704 2575 medium
1713 2546 1892 2583 origin-ring

614 2597 645 2621 st
661 2594 711 2621 the
727 2592 831 2627 object,
846 2592 950 2620 thence
969 2592 1146 2627 propugnted
1161 2590 1233 2618 frum
1249 2592 1331 2626 point
1348 2595 1378 2618 to
1394 2591 1476 2626 point
1494 2590 1537 2618 till
1553 2590 1575 2618 it
1592 2590 1751 2624 ultimately
1763 2590 1893 2618 meiuod

613 2637 664 2664 the
673 2644 872 2671 sense-orgen,
882 2635 917 2663 τὸ
925 2634 976 2668 μὶν
985 2632 1197 2671 χρῦμιωιΐτὸ
1206 2633 1408 2669 &minolon
1416 2632 1464 2661 τὸν
1472 2632 1894 2669 ἀέρα,ὖσδτοόγονδὶσυνιχοῧι

613 2679 692 2707 ὄντος
699 2680 809 2707 κινεῖται
821 2678 856 2707 τὸ
866 2678 1047 2714 dmm.
1074 2678 1122 2707 He
1131 2686 1282 2713 compares
1290 2678 1340 2705 the
1348 2678 1443 2706 aetion
1453 2677 1486 2706 of
1492 2678 1543 2705 tbe
1552 2677 1646 2712 object
1654 2685 1694 2706 ou
1704 2676 1754 2704 the
1765 2677 1893 2705 medium

614 2728 645 2751 to
658 2724 720 2752 that
733 2723 767 2751 of
773 2732 791 2751 ι
803 2722 863 2751 seul
877 2731 914 2750 on
927 2730 1010 2754 νας
1028 2731 1066 2749 ιιι
1082 2722 1205 2756 andogy
1218 2721 1314 2749 which
1333 2721 1433 2749 Baton
1449 2722 1594 2748 discusses
1605 2719 1784 2754 asterwurds,
1796 2720 1894 2756 pnnly

617 2767 768 2803 aecepting
778 2767 836 2794 and
848 2766 943 2802 partly
955 2766 1094 2801 nJecting
1106 2765 1135 2794 it.
1174 2763 1234 2793 See
1247 2773 1275 2801 p.
1287 2772 1352 2800 ⁴32·
