2350 3580
612 719 656 755 74
858 713 1031 745 OPERIS
1057 710 1266 750 MAJORIS
1292 710 1422 745 PARS
1448 710 1639 752 QUINTA.

423 808 526 844 Eighth
660 800 841 838 Octavum
848 801 948 848 quod
957 801 1117 848 exigitur
1123 802 1170 837 ad
1185 801 1303 837 visum
1315 805 1373 836 est
1385 801 1521 837 sanitas
1532 800 1627 837 visus
1637 811 1724 837 eum
1734 799 1895 837 natm-ali

422 845 574 917 ἱῗξῇᾟῗ·
610 869 677 895 sua
695 858 953 904 dispositione:
980 869 1065 895 narn
1091 858 1219 895 oculus
1236 863 1371 901 erutus,
1394 858 1454 894 vel
1481 869 1618 900 caecus,
1643 857 1703 894 vel
1728 857 1894 894 multum

423 922 491 944 ΨΜ
501 917 595 952 ‘’seye·
610 916 740 959 laesus,
757 916 815 951 vel
839 916 1006 952 turbat-us
1028 928 1077 952 ex
1099 916 1225 962 aliquo
1250 916 1403 951 humore
1427 915 1575 959 fluente,
1590 915 1649 951 vel
1675 926 1725 950 ex
1748 915 1891 950 resolu-

608 975 710 1009 tione
726 985 903 1020 vaporum
921 974 1223 1010 confundentium
1240 972 1419 1019 pupillam
1432 983 1507 1008 non
1523 978 1646 1019 potest
1660 972 1828 1019 judicare
1842 972 1894 1008 de

607 1031 726 1074 rebus.
746 1037 787 1068 ut
810 1037 923 1079 patet,
943 1037 980 1068 et
1001 1031 1083 1068 ideo
1114 1043 1188 1067 non
1214 1036 1361 1078 oportet
1390 1030 1450 1066 hic
1476 1030 1674 1067 immorari.
1723 1029 1764 1066 Si
1787 1029 1890 1066 enim

606 1095 777 1134 oporteat
795 1089 866 1124 dici
883 1089 1030 1135 aliquid,
1049 1089 1130 1134 plus
1148 1090 1196 1124 de
1214 1088 1283 1124 hoc
1308 1088 1449 1134 patebit
1472 1089 1507 1123 in
1531 1088 1775 1134 sequentibus.
1830 1087 1893 1123 De

607 1147 678 1183 situ
697 1148 859 1192 quidem,
877 1147 937 1192 qui
956 1151 1012 1182 est
1030 1147 1201 1183 ultimum
1225 1147 1267 1182 in‘
1281 1146 1365 1186 visu,
1385 1157 1458 1181 non
1483 1151 1607 1192 potest
1624 1145 1681 1181 hic
1697 1144 1890 1191 explicari,

607 1204 694 1250 quia
710 1204 879 1241 coincidit
897 1216 979 1241 cum
998 1204 1077 1241 aliis
1093 1206 1139 1240 de
1157 1205 1292 1250 quibus
1310 1210 1439 1250 postea
1455 1203 1652 1240 dicendum
1673 1209 1739 1239 eet.

968 1491 1279 1527 DISTINCTIO
1307 1490 1531 1527 DECIMA.

657 1596 810 1633 Habeas
847 1596 1006 1644 capitula
1043 1597 1123 1633 tria.
1192 1597 1354 1632 Primum
1387 1597 1498 1632 docet
1531 1595 1738 1641 expressius
1772 1607 1889 1642 quam

606 1654 779 1699 superius,
795 1666 890 1701 quae
906 1661 991 1690 sunt
1008 1654 1192 1690 sensibilia
1210 1666 1274 1701 per
1291 1666 1331 1690 se
1347 1660 1385 1689 et
1403 1665 1469 1701 per
1484 1654 1661 1689 accidens.

1093 1803 1345 1840 CAH-rutum
1376 1803 1403 1838 Ι.

416 1907 458 1935 of
466 1908 539 1936 what
653 1897 801 1933 Habitis
818 1897 873 1933 his
890 1903 974 1933 octo
992 1899 1070 1934 sine
1087 1899 1219 1944 quibus
1239 1909 1310 1933 non
1327 1903 1451 1945 potest
1468 1897 1544 1933 fieri
1566 1898 1667 1940 visio,
1684 1889 1887 1934 videndu'm

417 1944 589 2008 2253&OE
604 1960 658 1990 est
690 1967 788 2000 quae
823 1961 908 1991 sunt
950 1957 1208 2000 cognoscenda
1248 1967 1312 2000 per
1347 1956 1476 1996 visum,
1518 1962 1555 1991 et
1596 1956 1728 2000 quibus
1763 1956 1886 1991 modis

415 2017 586 2050 enanimnoe.
603 2018 870 2058 cognoscantur
886 2019 921 2048 et
939 2013 1192 2056 certificentur,
1212 2019 1249 2048 et
1265 2014 1421 2059 qualiter
1439 2019 1476 2049 et
1494 2025 1605 2058 quare
1621 2017 1718 2048 errat
1734 2013 1834 2048 visus
1847 2013 1885 2048 in

601 2070 812 2117 cognitione
828 2070 1039 2110 visibilium,
1057 2082 1139 2106 cum
1157 2071 1266 2106 suerit
1285 2071 1381 2106 visus
1399 2081 1467 2116 per
1484 2071 1603 2107 radios
1616 2076 1735 2106 rectos
1753 2069 1884 2107 factus.

603 2127 800 2162 Sciendum
828 2139 917 2174 ergo
943 2129 1043 2174 quod
1070 2129 1221 2173 quando
1243 2127 1335 2162 haec
1363 2127 1522 2164 noveml
1547 2139 1621 2162 non
1647 2128 1885 2174 egrediuntur

601 2191 943 2231 temperamentum,
961 2186 1099 2220 scilicet
1121 2197 1188 2220 nec
1208 2186 1392 2220 excellunt
1416 2197 1483 2221 nec
1505 2186 1769 2227 diminuuntur.
1789 2190 1881 2221 tunc

601 2241 643 2278 fit
666 2242 764 2278 visus
788 2241 1017 2278 certificatus.
1068 2242 1232 2289 Quando
1261 2255 1350 2290 ergo
1379 2242 1614 2289 egrediuntur
1643 2244 1792 2278 modum
1821 2242 1883 2278 vel

600 2299 806 2335 deficiendo
823 2299 879 2335 vel
897 2300 1123 2341 excedendo,
1140 2306 1228 2336 tunc
1251 2300 1292 2335 fit
1316 2312 1414 2336 error
1439 2301 1474 2335 in
1496 2300 1588 2335 visu.
1638 2299 1735 2336 Sunt
1754 2306 1882 2336 autem

599 2357 848 2392 certificabilia
875 2369 939 2402 per
968 2358 1083 2392 visum
1112 2358 1241 2404 viginti
1268 2358 1343 2393 duo
1370 2359 1470 2404 prius
1485 2362 1709 2398 enumerata.
1734 2362 1776 2392 ut
1804 2357 1883 2401 iux.

599 2415 707 2457 color,
724 2415 892 2458 remotim,
910 2415 974 2451 &a
990 2427 999 2458 ;
1026 2421 1062 2450 et
1086 2421 1232 2461 praeter
1254 2416 1323 2451 hoc
1345 2417 1445 2452 visus
1463 2416 1619 2462 percipit
1636 2415 1823 2451 hominem
1843 2421 1882 2452 et

599 2482 733 2518 equum
769 2478 807 2508 et
835 2478 999 2508 caeteras
1028 2484 1085 2508 res
1119 2473 1228 2518 hujus
1263 2474 1399 2509 mundi.
1461 2473 1558 2508 Nam
1591 2483 1657 2518 per
1689 2473 1807 2509 lucem
1843 2479 1881 2510 et

599 2530 759 2564 colorem
782 2530 846 2564 illa
867 2531 995 2575 viginti
1022 2536 1303 2576 cognoscuntur.
1355 2531 1498 2565 Deinde
1524 2530 1769 2567 mediantibus
1796 2530 1882 2568 luce

599 2594 636 2622 et
652 2587 775 2622 colore
792 2593 829 2622 et
848 2587 917 2622 illis
934 2589 1061 2633 viginti
1080 2587 1150 2622 alia
1168 2589 1261 2623 fiunt
1288 2594 1383 2631 nota,
1405 2594 1445 2622 ut
1471 2593 1527 2623 est
1553 2587 1724 2634 possibile
1745 2590 1883 2633 sensui,

599 2656 684 2680 nam
711 2655 841 2680 sensus
864 2645 1101 2691 particulares
1123 2656 1196 2680 non
1219 2651 1370 2692 possunt
1396 2645 1443 2681 de
1465 2646 1636 2681 omnibus
1661 2644 1880 2689 certificar13

599 2702 664 2736 sed
702 2702 768 2740 illa
809 2702 937 2747 viginti
979 2703 1056 2737 duo
1097 2714 1228 2737 sensus
1270 2703 1494 2749 particularis
1530 2710 1567 2738 et
1601 2704 1806 2738 communis
1841 2710 1883 2740 et

600 2759 815 2805 imaginatio
832 2766 985 2805 possunt
1003 2760 1315 2804 comprehendere
1332 2761 1412 2795 sine
1427 2771 1558 2802 errore,
1574 2761 1778 2795 dummodo
1792 2766 1881 2797 octo

599 2816 786 2862 praedicta
803 2829 877 2852 non
897 2817 1128 2862 egrediantur
1145 2823 1487 2863 temperamentum.
1538 2817 1729 2853 Vocantur
1749 2823 1880 2855 autem

635 2897 641 2913 ⁵
661 2897 724 2925 The
739 2899 819 2925 ninth
835 2899 979 2925 condition
994 2899 1019 2926 is
1030 2900 1101 2926 urus
1112 2899 1145 2926 of
1155 2900 1250 2926 which
1265 2900 1314 2926 the
1327 2901 1550 2933 consideration,
1563 2908 1594 2927 ns
1607 2901 1699 2928 stated
1714 2904 1742 2927 nt
1754 2901 1805 2928 the
1819 2903 1881 2931 eud

598 2941 633 2968 os
641 2941 690 2967 the
704 2941 757 2968 last
768 2941 895 2976 chapter,
910 2942 934 2968 is
948 2943 1117 2977 postponed.
