2350 3580
856 339 1982 562 -

607 735 678 759 220
866 726 1040 760 OPERIS
1066 725 1278 765 MAJORIS
1304 724 1432 759 PARS
1457 724 1623 758 SEXTA.

608 816 780 852 scientiae
803 817 1003 852 secundum
1025 827 1077 859 se,
1089 816 1167 861 jam
1194 816 1346 851 cuilibet
1366 820 1470 862 patet
1494 815 1595 860 quod
1616 812 1805 850 utilissima
1829 817 1888 848 eet

609 875 699 909 haec
717 873 870 910 scientia
889 879 974 920 post
991 875 1183 915 moralem,
1194 879 1232 910 et
1252 872 1372 919 primo
1385 871 1453 918 ipsi
1470 870 1679 918 theologiae
1693 869 1890 907 absolutae

609 937 759 978 propter
784 941 930 966 sensum
955 931 1130 967 literalem
1157 937 1195 966 et
1221 930 1458 977 spiritualem,
1481 929 1515 964 in
1541 928 1674 976 quibus
1697 929 1775 976 ipsa
1797 938 1889 963 con-

608 989 717 1024 sistit.
766 987 943 1034 Superius
968 988 1061 1024 enim
1088 988 1254 1024 habitum
1279 993 1335 1023 est
1361 988 1461 1033 quod
1483 987 1632 1022 literalis
1653 997 1781 1023 sensus
1800 997 1889 1022 con-

609 1046 704 1081 sistit
729 1046 766 1081 in
782 1046 936 1081 veritate
960 1052 1208 1081 creaturarum
1227 1057 1291 1091 per
1314 1045 1545 1080 definitiones
1561 1043 1889 1090 et‘descriptiones

609 1113 736 1139 earum
755 1103 1004 1148 exprimenda,
1018 1108 1054 1139 et
1072 1100 1239 1138 similiter
1254 1102 1421 1138 habitum
1441 1108 1496 1138 est
1514 1101 1613 1148 quod
1630 1106 1887 1147 argumentum

610 1171 683 1196 non
699 1161 846 1205 attingit
868 1161 912 1197 ad
934 1160 1029 1197 hanc
1052 1161 1256 1203 veritatem,
1274 1161 1339 1195 sed
1363 1158 1601 1204 experientia.
1652 1158 1896 1204 Quapropter

609 1218 700 1254 haec
718 1217 867 1253 scientia
881 1223 963 1263 post
977 1218 1154 1253 moralem
1174 1218 1338 1252 maxime
1354 1217 1458 1252 dabit
1470 1217 1658 1252 veritatem
1678 1214 1890 1261 scriptume

609 1274 799 1317 literalem,
828 1281 868 1310 ut
898 1286 961 1321 per
990 1275 1249 1311 convenientes
1281 1274 1538 1321 adaptationes
1567 1280 1605 1310 et
1634 1273 1891 1310 similitudines

610 1332 852 1369 extrahantur
868 1343 994 1369 sensus
1012 1332 1225 1380 spirituales,
1239 1339 1389 1379 propter
1404 1331 1663 1379 proprietatem
1678 1331 1892 1377 Scripturae

609 1401 733 1426 sacrae
750 1394 788 1425 et
803 1391 1002 1426 secundum
1021 1391 1099 1426 vias
1116 1395 1325 1426 sanctorum
1344 1395 1382 1425 et
1399 1390 1563 1425 omnium
1581 1389 1799 1434 sapientum.

661 1447 808 1483 Deinde
835 1453 877 1482 ut
910 1447 1061 1484 refertur
1094 1449 1143 1484 ad
1172 1447 1436 1494 rempublicam
1466 1446 1630 1482 fidelium
1664 1446 1764 1482 valet
1797 1445 1890 1482 haec

610 1505 768 1542 seientia„
801 1511 841 1541 ut
870 1510 1008 1541 tactum
1044 1512 1100 1541 est
1129 1505 1164 1540 in
1203 1505 1405 1541 futurorum
1434 1505 1681 1551 praesentium
1714 1509 1752 1538 et
1785 1514 1892 1550 prae-

609 1563 801 1597 teritorum
839 1563 1047 1607 cognitione
1080 1563 1240 1610 speciali,
1269 1569 1381 1607 atque
1414 1563 1450 1597 in
1485 1573 1636 1608 operum
1668 1562 1889 1596 mirabilium

610 1618 839 1655 exhibitione
857 1631 921 1666 pro
940 1618 1106 1655 Eccloeia
1122 1625 1160 1655 et
1181 1621 1394 1665 Republica,
1407 1625 1447 1654 ut
1465 1625 1747 1665 promoveantur
1765 1618 1891 1655 munia

613 1677 761 1724 negotia
784 1677 897 1718 utilia,
919 1684 958 1713 et
982 1677 1232 1725 impediantur
1256 1677 1436 1713 contraria
1457 1683 1534 1714 tam
1557 1677 1592 1712 in
1616 1677 1745 1722 paucis
1774 1687 1889 1723 quam

613 1734 648 1769 in
676 1734 919 1777 multitudine,
941 1735 1034 1770 sicut
1060 1735 1374 1782 exemplificatum
1400 1742 1467 1770 est.
1518 1735 1570 1770 Et
1590 1735 1621 1770 ai
1646 1735 1889 1782 procedamus

613 1793 659 1827 ad
686 1792 959 1827 conversionem
984 1792 1196 1835 infidelium,
1216 1798 1321 1839 patet
1346 1793 1446 1838 quod
1472 1792 1571 1827 valet
1596 1793 1743 1828 du‘obus
1767 1793 1888 1828 modis

612 1849 881 1895 principalibus,
901 1852 965 1896 qui
990 1851 1128 1886 habent
1154 1863 1276 1886 ramos
1301 1849 1472 1894 infinitoe,
1496 1856 1675 1896 quantum
1701 1851 1891 1896 persuasio

613 1906 697 1943 fidei
715 1907 923 1943 notabiliter
934 1907 1010 1943 fieri
1028 1914 1150 1954 potest
1163 1919 1230 1954 per
1241 1908 1430 1944 scientiam
1444 1908 1557 1950 hanc;
1574 1918 1647 1943 non
1661 1908 1889 1954 argumentis

610 1964 677 1999 sed
695 1964 875 2010 operibus,
895 1966 993 2009 quod
1017 1965 1144 2001 fortius
1166 1971 1234 2000 est.
1288 1966 1450 2011 Neganti
1473 1966 1570 2001 enirn
1586 1966 1774 2000 veritatem
1795 1965 1891 2009 fidei,

611 2023 697 2068 quia
715 2022 917 2068 intelligere
939 2034 1019 2058 mm
1043 2034 1117 2059 non
1138 2024 1270 2066 valeat,
1291 2030 1493 2070 proponam
1518 2035 1663 2059 cursum
1686 2023 1889 2059 naturalem

613 2090 730 2114 rerum
757 2079 803 2114 ad
828 2079 992 2124 invicem,
1008 2080 1102 2116 sicut
1123 2080 1437 2126 exemplificatum
1461 2080 1538 2117 fuit.
1589 2080 1765 2116 Similiter
1785 2081 1887 2127 quod

610 2137 688 2171 sine
710 2137 881 2172 violentia
901 2137 1061 2174 humana
1081 2138 1221 2174 dolium
1245 2138 1441 2185 frangatur.
1465 2145 1503 2174 et
1525 2139 1652 2174 vinum
1676 2145 1889 2174 contentum

610 2199 686 2229 stet
710 2194 898 2230 immobile
923 2206 988 2240 per
1014 2200 1085 2230 tres
1115 2197 1194 2231 dies
1222 2207 1296 2231 non
1327 2195 1465 2237 fluens;
1498 2202 1536 2231 et
1565 2197 1664 2241 quod
1694 2207 1823 2231 aurum
1852 2201 1890 2231 et

610 2257 801 2297 argentum
835 2252 869 2287 in
901 2253 1094 2299 marsupio,
1119 2259 1155 2289 et
1188 2254 1280 2289 ensis
1310 2254 1345 2288 in
1376 2253 1516 2298 vagina,
1542 2260 1812 2296 consumantur,
1837 2265 1890 2305 ei-r»

613 2309 648 2344 in
668 2309 800 2355 quibus
818 2310 1050 2346 continentur
1070 2311 1228 2354 illaesis;
1254 2318 1294 2347 ut
1316 2311 1457 2347 Seneca
1481 2313 1587 2348 docet
1607 2311 1643 2347 in
1663 2311 1752 2347 libro
1773 2311 1891 2348 Natu-

614 2367 744 2402 ralium
764 2367 1030 2412 Quaestionum
1045 2368 1081 2411 ¹;
1110 2376 1148 2404 et
1172 2370 1274 2415 quod
1300 2380 1387 2404 aves
1405 2369 1467 2415 qui
1492 2375 1669 2404 vocantur
1692 2368 1892 2414 halcyones

614 2436 715 2460 mare
739 2430 1030 2471 tempestuosum
1057 2427 1090 2461 in
1119 2427 1301 2472 profunda
1326 2427 1461 2471 hyeme·
1485 2432 1621 2472 cogant
1643 2427 1830 2472 quiescere
1854 2433 1892 2462 et

613 2493 653 2517 se
679 2482 859 2518 retrahere
886 2483 1010 2523 donec.
1037 2495 1105 2519 ova
1131 2484 1284 2520 fecerint
1308 2491 1344 2520 et
1371 2483 1490 2520 foetus
1521 2484 1772 2530 produxerint,
1797 2484 1892 2521 sicut

614 2540 770 2575 Basilius
788 2548 823 2575 et
838 2541 1061 2577 Ambrosius
1079 2543 1114 2578 in
1137 2542 1410 2584 Hexaemeron.
1425 2550 1463 2578 et
1478 2542 1686 2589 philosophi
1703 2549 1740 2578 et
1757 2549 1892 2590 poetae

613 2598 785 2633 scribunt.
837 2598 941 2635 Haec
967 2601 1065 2634 enIm
1088 2600 1201 2636 ethis
1216 2601 1345 2635 similia
1369 2600 1503 2636 debent
1525 2601 1709 2635 hominem
1732 2612 1891 2644 movere,

613 2661 649 2691 et
678 2656 726 2691 ad
752 2657 999 2702 receptionem
1023 2658 1228 2693 divinarum
1254 2659 1452 2694 veritatum
1476 2658 1649 2694 excitare.
1703 2658 1889 2704 Quoniam

613 2713 644 2749 si
667 2713 705 2749 in
728 2714 909 2750 vilissimis
933 2715 1108 2751 creaturis
1134 2715 1363 2761 reperiuntur
1385 2716 1570 2759 veritates,
1585 2715 1717 2762 quibus
1740 2722 1892 2762 oportet

613 2770 719 2806 subdi
746 2771 952 2817 superbiam
979 2773 1183 2809 intellectus
1205 2773 1354 2809 humani
1369 2773 1383 2793 ²
1406 2779 1445 2809 ut
1472 2773 1596 2810 credat
1618 2784 1682 2810 eas
1706 2773 1790 2810 licet
1815 2785 1892 2810 non

614 2829 804 2874 intelligat,
839 2835 902 2864 aut
937 2830 1169 2875 injuriabitur
1204 2832 1347 2866 veritati
1381 2831 1570 2873 infallibili,
1601 2838 1739 2877 quanto
1773 2831 1894 2878 magis

610 2901 619 2908 “
651 2905 659 2923 ¹
679 2906 800 2939 Seneca,
813 2906 878 2935 Nae.
895 2907 1006 2942 Quaesr.
1022 2908 1050 2936 ii.
1069 2917 1109 2943 ις.
1150 2908 1261 2936 Seneca
1274 2908 1299 2936 is
1312 2908 1452 2944 speaking
1465 2909 1496 2936 of
1507 2909 1555 2936 the
1570 2908 1667 2936 effetis
1681 2908 1713 2936 os
1720 2908 1874 2945 lightning.

650 2949 662 2966 ¹
679 2949 797 2976 interius
810 2951 970 2988 humanm,
983 2951 1010 2985 J.
