2350 3580
589 666 658 709 362
832 667 1006 700 OPERIS
1032 667 1241 706 AMORIS
1268 667 1395 700 PARS
1421 668 1644 701 SEPTIMA.

590 763 810 802 conceptum
838 757 952 792 nihilo
977 764 1117 793 natum.
1168 757 1244 794 Sed
1270 758 1386 794 satius
1412 764 1470 794 est
1495 758 1661 806 publicos
1687 769 1807 795 mores
1828 764 1868 795 et

592 814 751 850 humana
776 815 866 850 vitia
890 815 1032 860 placide
1054 815 1228 861 excipere
1253 827 1320 850 nec
1346 817 1381 850 in
1409 816 1521 851 risum
1546 827 1614 852 nec
1638 817 1676 851 in
1701 816 1868 852 lacrimas

593 872 823 908 excidentem
836 871 857 908 ¹.
907 873 1006 908 Nam
1023 872 1152 909 alienis
1170 873 1275 909 malis
1292 875 1454 919 torqueri
1472 880 1622 910 aeterna
1638 875 1786 910 miseria
1800 880 1868 917 eut,

591 929 719 966 alienis
737 931 910 966 delectari
929 930 1033 967 malis
1048 930 1221 977 voluptas
1240 931 1458 967 inhumana!

404 982 553 1054 ιῑιὲἳυξιᾞ·
639 990 648 1005 “
660 987 843 1033 Sequetur
861 999 943 1033 pars
961 999 1054 1033 quae
1072 988 1165 1023 solet
1188 1000 1261 1024 non
1288 989 1470 1024 immerito
1486 989 1701 1024 contristare
1718 1014 1726 1023 .
1745 1013 1755 1023 .
1774 1016 1783 1024 .
1803 989 1866 1026 ubi

404 1040 550 1092 t-ap.1⁶.'
591 1046 770 1081 bonorum
803 1047 928 1081 exitus
963 1046 1048 1082 mali
1082 1052 1176 1088 sunt,
1212 1053 1253 1082 ut
1288 1046 1457 1082 Socrates
1486 1047 1627 1093 cogitur
1657 1048 1694 1082 in
1723 1058 1867 1082 carcere

593 1100 730 1152 [mori].
748 1130 757 1139 .
775 1129 783 1139 .
801 1129 808 1139 .
829 1102 959 1139 Cicero
974 1104 1170 1140 clientibus
1192 1105 1268 1140 suis
1290 1106 1466 1150 praebere
1486 1106 1672 1141 cervicem.
1692 1104 1787 1140 Cato
1803 1130 1812 1139 .
1831 1131 1838 1139 .
1858 1130 1866 1139 .

589 1161 766 1197 virtutum
795 1162 877 1197 viva
912 1161 1045 1206 imago,
1076 1162 1292 1198 incumbens
1319 1162 1445 1208 gladio
1474 1162 1582 1198 simul
1612 1163 1662 1198 de
1687 1174 1729 1198 se
1756 1173 1800 1198 ac
1819 1163 1869 1198 de

591 1219 777 1264 republica
799 1218 919 1264 palam
949 1218 1066 1254 facere
1079 1218 1105 1253 ².
1125 1245 1132 1253 .
1152 1244 1161 1254 .
1183 1243 1191 1253 .
1209 1219 1308 1254 Vide
1328 1221 1517 1265 quomodo
1541 1221 1697 1265 quisque
1723 1220 1867 1254 illorum

590 1275 726 1319 tulerit,
756 1283 793 1312 et
826 1277 856 1311 si
885 1275 994 1312 fortes
1024 1276 1180 1313 suerunt.
1206 1277 1365 1323 ipsorum
1401 1276 1482 1312 illos
1512 1278 1654 1312 animos
1687 1278 1868 1313 desidera.

593 1334 633 1369 si
659 1333 882 1369 muliebriter
907 1340 945 1370 et
970 1335 1100 1380 ignave
1124 1336 1310 1381 perierunt
1336 1334 1425 1370 nihil
1456 1335 1570 1381 periit.
1589 1363 1596 1370 .
1616 1362 1647 1371 ..
1669 1335 1867 1371 Neminem

593 1391 688 1427 flebo
716 1392 862 1434 laetum,
883 1393 1068 1427 neminem
1092 1391 1283 1427 flentem':
1308 1393 1344 1428 in
1367 1393 1576 1428 sufferendo
1603 1393 1760 1439 pericula
1787 1392 1869 1427 ‘ille

590 1448 755 1485 lacrimas
778 1461 879 1485 meas
902 1451 980 1495 ipse
1003 1450 1185 1493 abstersit,
1211 1450 1269 1485 hic
1292 1450 1367 1485 suis
1393 1451 1550 1486 lacrimis
1572 1451 1689 1486 effecit
1714 1461 1759 1485 ne
1785 1449 1868 1485 ullis

596 1507 728 1553 dignus
746 1505 815 1543 sit.'

1037 1627 1284 1664 ΕΑΡιτυιυΜ
1314 1627 1422 1663 XXI.

409 1719 521 1783 μίαν·ῑέ
640 1722 690 1756 Et
721 1723 808 1767 quia
838 1724 1037 1758 secundum
1070 1722 1294 1769 §cripturam
1330 1734 1461 1769 corpus
1490 1723 1588 1768 quod
1624 1723 1867 1768 corrumpitur

406 1765 575 1829 tfffflqfn‘f'f'
590 1786 768 1826 aggravat
799 1781 972 1823 animam,
1003 1786 1040 1815 et
1078 1786 1219 1816 terrena
1253 1781 1470 1816 inhabitatio
1516 1781 1687 1826 deprimit
1722 1791 1867 1815 sensum

407 1830 577 1894 ἷξξῗῃὲἱη
593 1837 707 1873 multa
728 1838 961 1884 cogitantem.
988 1838 1070 1873 ideo
1090 1838 1137 1874 ad
1162 1838 1466 1884 tranquillitatem
1490 1838 1599 1874 animi
1625 1837 1867 1874 necessarium

593 1901 647 1929 cst
675 1902 713 1930 ut
739 1895 899 1930 humana
932 1895 1108 1942 fragilitas
1132 1907 1154 1930 a
1181 1897 1274 1930 curis
1302 1896 1532 1931 interioribus
1561 1901 1598 1930 et
1627 1896 1867 1930 exterioribus

593 1954 790 1998 aliquando
812 1953 952 1988 relaxet
978 1954 1137 1988 animum
1165 1955 1213 1989 ad
1239 1954 1370 1989 solatia
1394 1959 1431 1988 et
1458 1954 1699 1990 recreationes
1725 1953 1867 1998 corpori

595 2011 822 2046 necessarias.
875 2010 971 2046 Nam
990 2010 1094 2046 aliter
1117 2012 1265 2057 spiritus
1292 2010 1332 2046 fit
1359 2012 1490 2046 anxius
1516 2017 1550 2046 ct
1578 2011 1689 2046 hebes
1712 2017 1751 2046 et
1773 2010 1867 2046 acci-

593 2069 717 2104 diosus
737 2075 775 2112 et
790 2069 928 2103 tristior
943 2079 1054 2114 quam
1074 2075 1268 2114 oporteret.
1285 2075 1322 2105 et
1341 2080 1423 2105 cum
1443 2070 1565 2105 taedio
1589 2068 1674 2104 boni
1693 2067 1867 2114 languens

593 2132 628 2161 ct
648 2127 819 2172 querulus
837 2132 872 2160 ct
892 2138 1028 2173 pronus
1041 2127 1085 2161 ad
1103 2133 1225 2161 motus
1241 2127 1487 2173 impatientiae
1507 2133 1543 2161 et
1562 2127 1636 2161 irae
1650 2125 1867 2171 frequenter.

596 2185 746 2231 Propter
764 2185 861 2230 quod
883 2185 1101 2219 sanctissimi
1120 2185 1185 2219 viri
1212 2186 1410 2230 aliquando
1434 2196 1536 2219 curas
1563 2183 1738 2219 laxabant
1765 2182 1867 2229 spiri-

593 2242 710 2277 tuales
732 2242 767 2276 in
786 2241 926 2282 solatia.
943 2248 981 2277 et
1001 2242 1157 2287 rigorem
1181 2242 1425 2277 abstinentiae
1446 2241 1637 2276 solvebant
1656 2240 1867 2287 aliquando.

595 2310 659 2334 nec
686 2310 758 2334 uon
789 2299 930 2343 vigilias
957 2300 1214 2344 temperabant
1241 2300 1456 2336 excessivas.
1501 2299 1609 2334 Unde
1636 2298 1867 2334 beatissimus

591 2357 781 2401 johannes
810 2357 1048 2402 Evangelii-‚ta
1079 2357 1112 2392 in
1143 2357 1316 2392 solatium
1345 2358 1527 2392 humanae
1554 2356 1758 2402 fragilitatis
1785 2367 1867 2390 cum

595 2414 739 2460 perdice
765 2414 930 2457 ludebat,
950 2415 1043 2450 sicut
1068 2415 1201 2450 dicitur
1225 2416 1261 2449 in
1290 2415 1556 2450 Collationibus
1585 2414 1800 2455 Cassiani&
1829 2419 1867 2448 et

593 2473 721 2508 beatus
758 2472 977 2508 Benedictus
1010 2472 1212 2508 monachos
1245 2473 1381 2509 ducens
1413 2473 1447 2508 in
1478 2472 1649 2507 solatium
1681 2471 1867 2518 corporale

593 2531 819 2575 redarguitus
837 2541 857 2564 a
876 2531 1014 2564 viatore
1034 2536 1256 2572 transeunte,
1276 2531 1373 2564 dixit
1390 2531 1423 2564 ei
1441 2531 1541 2575 quod
1561 2531 1725 2564 tenderet
1743 2540 1867 2564 arcum

595 2587 711 2634 magis
738 2599 779 2622 ac
810 2588 937 2631 magis
988 2586 1074 2633 Quo
1102 2589 1359 2633 respondente‚
1387 2589 1472 2622 Non
1497 2587 1638 2631 faciam,
1663 2587 1747 2633 quia
1775 2585 1867 2622 fran-

594 2656 717 2691 gerem
736 2645 891 2686 cordam,
910 2644 1032 2680 intulit
1052 2656 1199 2680 sensum
1225 2658 1246 2681 a
1270 2645 1380 2681 simili
1403 2645 1503 2692 quod
1523 2645 1557 2680 in
1583 2651 1725 2680 tantum
1745 2651 1867 2690 posset

633 2737 637 2754 ¹
657 2739 800 2772 excidere,
818 2739 850 2766 D.
866 2742 896 2765 et
908 2739 943 2766 O.
1341 2740 1350 2755 ¹
1370 2749 1400 2766 se
1414 2741 1581 2774 expediens*
1595 2740 1629 2768 D.
1643 2743 1674 2766 et
1687 2740 1723 2765 O.

630 2782 641 2798 ⁹
656 2782 728 2810 Tliis
739 2791 801 2810 was
816 2783 862 2809 the
877 2782 1037 2810 celebrated
1052 2782 1281 2817 Semi-Pelagius}
1294 2784 1327 2810 of
1336 2784 1385 2811 the
1405 2783 1463 2810 fimi
1481 2789 1612 2817 century.
1652 2783 1714 2810 The
1727 2783 1870 2810 anecdot:

595 2826 650 2853 will
673 2825 708 2853 be
732 2826 819 2853 found
843 2827 871 2853 in
891 2826 941 2853 the
961 2827 1148 2861 twentytirst
1168 2828 1288 2862 chapter
1307 2827 1340 2854 os
1354 2829 1402 2854 the
1423 2826 1641 2861 twenty-fourth
1661 2826 1694 2853 ol*
1709 2827 1756 2854 the
1776 2826 1867 2853 Colla-

593 2871 668 2897 tionn
684 2871 724 2905 (p.
737 2871 792 2904 ⁶23
803 2868 837 2896 of
852 2870 901 2896 the
918 2868 1068 2896 Franksurt
1081 2869 1190 2896 edition
1210 2871 1241 2896 of
1254 2875 1343 2905 17²²·
1385 2871 1407 2897 lt
1427 2872 1450 2897 ia
1467 2870 1569 2897 almost
1585 2871 1716 2897 identicnl
1732 2870 1798 2897 with
1820 2871 1867 2897 the

594 2919 672 2948 story
686 2914 718 2941 os
728 2914 770 2941 St.
783 2913 923 2941 Benedici
937 2914 1032 2941 which
1045 2914 1165 2941 follows.
