<?xml version="1.0" encoding="UTF-8"?>
<!DOCTYPE html PUBLIC "-//W3C//DTD XHTML 1.0 Transitional//EN"
    "http://www.w3.org/TR/xhtml1/DTD/xhtml1-transitional.dtd">
<html xmlns="http://www.w3.org/1999/xhtml" xml:lang="en" lang="en">
 <head>
  <title>
</title>
<meta http-equiv="Content-Type" content="text/html;charset=utf-8" />
  <meta name='ocr-system' content='tesseract 3.04.00' />
  <meta name='ocr-capabilities' content='ocr_page ocr_carea ocr_par ocr_line ocrx_word'/>
</head>
<body>
  <div class='ocr_page' id='page_1' title='image "./opusmajusrogerb00bridgoog/opusmajusrogerb00bridgoog_0416.png"; bbox 0 0 2350 3580; ppageno 0'>
   <div class='ocr_carea' id='block_1_1' title="bbox 635 499 1685 549">
    <p class='ocr_par' dir='ltr' id='par_1_1' title="bbox 635 499 1685 549">
     <span class='ocr_line' id='line_1_1' title="bbox 635 499 1685 549; baseline 0 -10"><span class='ocrx_word' id='word_1_1' title='bbox 635 514 705 549; x_wconf 80' lang='lat'>404</span> <span class='ocrx_word' id='word_1_2' title='bbox 872 505 1044 539; x_wconf 69' lang='lat' dir='ltr'><em>OPERIS</em></span> <span class='ocrx_word' id='word_1_3' title='bbox 1072 499 1282 545; x_wconf 60' lang='lat' dir='ltr'><em>MAIORIS</em></span> <span class='ocrx_word' id='word_1_4' title='bbox 1309 505 1436 539; x_wconf 77' lang='lat' dir='ltr'><em>PARS</em></span> <span class='ocrx_word' id='word_1_5' title='bbox 1463 505 1685 539; x_wconf 73' lang='lat' dir='ltr'><em>SEPTIMA.</em></span> 
     </span>
    </p>
   </div>
   <div class='ocr_carea' id='block_1_2' title="bbox 633 595 1924 1444">
    <p class='ocr_par' dir='ltr' id='par_1_2' title="bbox 633 595 1924 1019">
     <span class='ocr_line' id='line_1_2' title="bbox 637 595 1924 631; baseline 0.001 -9"><span class='ocrx_word' id='word_1_6' title='bbox 637 595 772 630; x_wconf 82' lang='lat' dir='ltr'>piendum</span> <span class='ocrx_word' id='word_1_7' title='bbox 791 595 820 623; x_wconf 85' lang='lat' dir='ltr'>in</span> <span class='ocrx_word' id='word_1_8' title='bbox 837 603 927 630; x_wconf 84' lang='lat' dir='ltr'>opere</span> <span class='ocrx_word' id='word_1_9' title='bbox 946 600 976 623; x_wconf 88' lang='lat' dir='ltr'>et</span> <span class='ocrx_word' id='word_1_10' title='bbox 993 596 1029 623; x_wconf 78' lang='lat' dir='ltr'>ad</span> <span class='ocrx_word' id='word_1_11' title='bbox 1048 595 1118 623; x_wconf 85' lang='lat' dir='ltr'>nihil</span> <span class='ocrx_word' id='word_1_12' title='bbox 1134 595 1294 623; x_wconf 73' lang='lat' dir='ltr'>faciendum</span> <span class='ocrx_word' id='word_1_13' title='bbox 1313 595 1343 623; x_wconf 90' lang='lat' dir='ltr'>in</span> <span class='ocrx_word' id='word_1_14' title='bbox 1363 596 1542 628; x_wconf 76' lang='lat' dir='ltr'>contrarium.</span> <span class='ocrx_word' id='word_1_15' title='bbox 1557 600 1587 623; x_wconf 86' lang='lat' dir='ltr'>et</span> <span class='ocrx_word' id='word_1_16' title='bbox 1602 595 1650 623; x_wconf 85' lang='lat' dir='ltr'>hic</span> <span class='ocrx_word' id='word_1_17' title='bbox 1668 596 1805 631; x_wconf 73' lang='lat' dir='ltr'>exigitur</span> <span class='ocrx_word' id='word_1_18' title='bbox 1824 596 1924 623; x_wconf 79' lang='lat' dir='ltr'>modus</span> 
     </span>
     <span class='ocr_line' id='line_1_3' title="bbox 636 639 1923 674; baseline 0 -8"><span class='ocrx_word' id='word_1_19' title='bbox 636 639 865 674; x_wconf 66' lang='lat' dir='ltr'>praedicationis.</span> <span class='ocrx_word' id='word_1_20' title='bbox 896 639 932 666; x_wconf 83' lang='lat' dir='ltr'>Et</span> <span class='ocrx_word' id='word_1_21' title='bbox 945 643 1001 666; x_wconf 79' lang='lat' dir='ltr'>tam</span> <span class='ocrx_word' id='word_1_22' title='bbox 1015 640 1085 667; x_wconf 83' lang='lat' dir='ltr'>haec</span> <span class='ocrx_word' id='word_1_23' title='bbox 1098 647 1164 674; x_wconf 79' lang='lat' dir='ltr'>pars</span> <span class='ocrx_word' id='word_1_24' title='bbox 1179 647 1264 674; x_wconf 82' lang='lat' dir='ltr'>quam</span> <span class='ocrx_word' id='word_1_25' title='bbox 1281 644 1382 673; x_wconf 77' lang='lat' dir='ltr'>quarta</span> <span class='ocrx_word' id='word_1_26' title='bbox 1394 640 1483 666; x_wconf 88' lang='lat' dir='ltr'>utitur</span> <span class='ocrx_word' id='word_1_27' title='bbox 1492 642 1627 673; x_wconf 83' lang='lat' dir='ltr'>potenter</span> <span class='ocrx_word' id='word_1_28' title='bbox 1641 643 1749 667; x_wconf 73' lang='lat' dir='ltr'>ornatu</span> <span class='ocrx_word' id='word_1_29' title='bbox 1766 639 1923 672; x_wconf 70' lang='lat' dir='ltr'>rhetorico,</span> 
     </span>
     <span class='ocr_line' id='line_1_4' title="bbox 637 682 1923 717; baseline 0.001 -8"><span class='ocrx_word' id='word_1_30' title='bbox 637 690 695 709; x_wconf 86' lang='lat' dir='ltr'>non</span> <span class='ocrx_word' id='word_1_31' title='bbox 714 682 808 709; x_wconf 86' lang='lat' dir='ltr'>solum</span> <span class='ocrx_word' id='word_1_32' title='bbox 828 682 858 708; x_wconf 91' lang='lat' dir='ltr'>in</span> <span class='ocrx_word' id='word_1_33' title='bbox 874 682 970 710; x_wconf 85' lang='lat' dir='ltr'>verbis</span> <span class='ocrx_word' id='word_1_34' title='bbox 989 683 1042 710; x_wconf 86' lang='lat' dir='ltr'>sed</span> <span class='ocrx_word' id='word_1_35' title='bbox 1061 687 1091 710; x_wconf 86' lang='lat' dir='ltr'>et</span> <span class='ocrx_word' id='word_1_36' title='bbox 1109 682 1139 710; x_wconf 87' lang='lat' dir='ltr'>in</span> <span class='ocrx_word' id='word_1_37' title='bbox 1157 682 1318 716; x_wconf 75' lang='lat' dir='ltr'>sententiis,</span> <span class='ocrx_word' id='word_1_38' title='bbox 1338 686 1368 710; x_wconf 83' lang='lat' dir='ltr'>et</span> <span class='ocrx_word' id='word_1_39' title='bbox 1386 682 1417 710; x_wconf 86' lang='lat' dir='ltr'>in</span> <span class='ocrx_word' id='word_1_40' title='bbox 1435 682 1565 716; x_wconf 73' lang='lat' dir='ltr'>gestibus</span> <span class='ocrx_word' id='word_1_41' title='bbox 1583 682 1715 717; x_wconf 72' lang='lat' dir='ltr'>cor-poris</span> <span class='ocrx_word' id='word_1_42' title='bbox 1733 686 1767 710; x_wconf 86' lang='lat' dir='ltr'>et</span> <span class='ocrx_word' id='word_1_43' title='bbox 1785 682 1818 709; x_wconf 82' lang='lat' dir='ltr'>in</span> <span class='ocrx_word' id='word_1_44' title='bbox 1837 682 1923 710; x_wconf 76' lang='lat' dir='ltr'>animi</span> 
     </span>
     <span class='ocr_line' id='line_1_5' title="bbox 637 725 1922 761; baseline 0.001 -9"><span class='ocrx_word' id='word_1_45' title='bbox 637 725 769 758; x_wconf 84' lang='lat' dir='ltr'>motibus,</span> <span class='ocrx_word' id='word_1_46' title='bbox 784 725 858 752; x_wconf 86' lang='lat' dir='ltr'>sicut</span> <span class='ocrx_word' id='word_1_47' title='bbox 873 733 930 759; x_wconf 79' lang='lat' dir='ltr'>ego</span> <span class='ocrx_word' id='word_1_48' title='bbox 947 726 1060 753; x_wconf 81' lang='lat' dir='ltr'>declaro</span> <span class='ocrx_word' id='word_1_49' title='bbox 1077 734 1130 761; x_wconf 84' lang='lat' dir='ltr'>per</span> <span class='ocrx_word' id='word_1_50' title='bbox 1145 726 1256 753; x_wconf 65' lang='lat' dir='ltr'>radices</span> <span class='ocrx_word' id='word_1_51' title='bbox 1271 730 1364 753; x_wconf 76' lang='lat' dir='ltr'>certas</span> <span class='ocrx_word' id='word_1_52' title='bbox 1380 726 1537 753; x_wconf 85' lang='lat' dir='ltr'>secundum</span> <span class='ocrx_word' id='word_1_53' title='bbox 1550 725 1610 752; x_wconf 80' lang='lat' dir='ltr'>vias</span> <span class='ocrx_word' id='word_1_54' title='bbox 1628 729 1800 753; x_wconf 69' lang='lat' dir='ltr'>sanctorum</span> <span class='ocrx_word' id='word_1_55' title='bbox 1819 729 1852 753; x_wconf 86' lang='lat' dir='ltr'>et</span> <span class='ocrx_word' id='word_1_56' title='bbox 1866 734 1922 753; x_wconf 78' lang='lat' dir='ltr'>non</span> 
     </span>
     <span class='ocr_line' id='line_1_6' title="bbox 636 768 1922 804; baseline 0 -8"><span class='ocrx_word' id='word_1_57' title='bbox 636 768 726 796; x_wconf 82' lang='lat' dir='ltr'>solum</span> <span class='ocrx_word' id='word_1_58' title='bbox 736 768 979 803; x_wconf 79' lang='lat' dir='ltr'>philosophorum.</span> <span class='ocrx_word' id='word_1_59' title='bbox 1004 768 1085 803; x_wconf 78' lang='lat' dir='ltr'>Nam,</span> <span class='ocrx_word' id='word_1_60' title='bbox 1098 773 1130 796; x_wconf 87' lang='lat' dir='ltr'>ut</span> <span class='ocrx_word' id='word_1_61' title='bbox 1139 769 1315 804; x_wconf 72' lang='lat' dir='ltr'>Augustinus</span> <span class='ocrx_word' id='word_1_62' title='bbox 1328 770 1414 796; x_wconf 85' lang='lat' dir='ltr'>docet</span> <span class='ocrx_word' id='word_1_63' title='bbox 1424 773 1527 803; x_wconf 80' lang='lat' dir='ltr'>quarto</span> <span class='ocrx_word' id='word_1_64' title='bbox 1539 769 1577 796; x_wconf 91' lang='lat' dir='ltr'>de</span> <span class='ocrx_word' id='word_1_65' title='bbox 1590 768 1732 796; x_wconf 77' lang='lat' dir='ltr'>Doctrina</span> <span class='ocrx_word' id='word_1_66' title='bbox 1744 768 1922 803; x_wconf 75' lang='lat' dir='ltr'>Christiana,</span> 
     </span>
     <span class='ocr_line' id='line_1_7' title="bbox 634 812 1922 847; baseline -0.001 -7"><span class='ocrx_word' id='word_1_67' title='bbox 634 821 745 840; x_wconf 80' lang='lat' dir='ltr'>summa</span> <span class='ocrx_word' id='word_1_68' title='bbox 767 812 929 846; x_wconf 75' lang='lat' dir='ltr'>eloquentia</span> <span class='ocrx_word' id='word_1_69' title='bbox 949 816 994 839; x_wconf 85' lang='lat' dir='ltr'>est</span> <span class='ocrx_word' id='word_1_70' title='bbox 1014 812 1044 839; x_wconf 89' lang='lat' dir='ltr'>in</span> <span class='ocrx_word' id='word_1_71' title='bbox 1064 820 1119 840; x_wconf 84' lang='lat' dir='ltr'>usu</span> <span class='ocrx_word' id='word_1_72' title='bbox 1139 816 1303 840; x_wconf 84' lang='lat' dir='ltr'>sanctorum</span> <span class='ocrx_word' id='word_1_73' title='bbox 1324 812 1354 839; x_wconf 86' lang='lat' dir='ltr'>in</span> <span class='ocrx_word' id='word_1_74' title='bbox 1376 812 1539 847; x_wconf 76' lang='lat' dir='ltr'>Scriptura:</span> <span class='ocrx_word' id='word_1_75' title='bbox 1565 816 1596 839; x_wconf 87' lang='lat' dir='ltr'>et</span> <span class='ocrx_word' id='word_1_76' title='bbox 1616 813 1728 847; x_wconf 85' lang='lat' dir='ltr'>optime</span> <span class='ocrx_word' id='word_1_77' title='bbox 1749 812 1808 839; x_wconf 84' lang='lat' dir='ltr'>hoe</span> <span class='ocrx_word' id='word_1_78' title='bbox 1831 812 1922 839; x_wconf 79' lang='lat' dir='ltr'>docet.</span> 
     </span>
     <span class='ocr_line' id='line_1_8' title="bbox 635 855 1922 891; baseline 0.001 -9"><span class='ocrx_word' id='word_1_79' title='bbox 635 855 720 882; x_wconf 78' lang='lat' dir='ltr'>Hanc</span> <span class='ocrx_word' id='word_1_80' title='bbox 738 858 834 882; x_wconf 82' lang='lat' dir='ltr'>autem</span> <span class='ocrx_word' id='word_1_81' title='bbox 851 860 960 890; x_wconf 82' lang='lat' dir='ltr'>partem</span> <span class='ocrx_word' id='word_1_82' title='bbox 979 855 1062 882; x_wconf 85' lang='lat' dir='ltr'>elevo</span> <span class='ocrx_word' id='word_1_83' title='bbox 1080 856 1115 883; x_wconf 82' lang='lat' dir='ltr'>ad</span> <span class='ocrx_word' id='word_1_84' title='bbox 1133 855 1378 883; x_wconf 83' lang='lat' dir='ltr'>considerationes</span> <span class='ocrx_word' id='word_1_85' title='bbox 1397 855 1588 888; x_wconf 80' lang='lat' dir='ltr'>scientiarum,</span> <span class='ocrx_word' id='word_1_86' title='bbox 1606 855 1674 889; x_wconf 85' lang='lat' dir='ltr'>quia</span> <span class='ocrx_word' id='word_1_87' title='bbox 1692 864 1843 891; x_wconf 83' lang='lat' dir='ltr'>compono</span> <span class='ocrx_word' id='word_1_88' title='bbox 1862 864 1922 883; x_wconf 77' lang='lat' dir='ltr'>earn</span> 
     </span>
     <span class='ocr_line' id='line_1_9' title="bbox 633 897 1922 933; baseline 0 -7"><span class='ocrx_word' id='word_1_89' title='bbox 633 898 669 926; x_wconf 80' lang='lat' dir='ltr'>ad</span> <span class='ocrx_word' id='word_1_90' title='bbox 688 907 769 926; x_wconf 85' lang='lat' dir='ltr'>usum</span> <span class='ocrx_word' id='word_1_91' title='bbox 788 897 958 932; x_wconf 70' lang='lat' dir='ltr'>theologiae,</span> <span class='ocrx_word' id='word_1_92' title='bbox 979 902 1009 925; x_wconf 91' lang='lat' dir='ltr'>et</span> <span class='ocrx_word' id='word_1_93' title='bbox 1026 898 1157 926; x_wconf 85' lang='lat' dir='ltr'>similiter</span> <span class='ocrx_word' id='word_1_94' title='bbox 1175 897 1248 926; x_wconf 75' lang='lat' dir='ltr'>facio</span> <span class='ocrx_word' id='word_1_95' title='bbox 1266 898 1303 925; x_wconf 91' lang='lat' dir='ltr'>de</span> <span class='ocrx_word' id='word_1_96' title='bbox 1320 898 1454 926; x_wconf 85' lang='lat' dir='ltr'>omnibus</span> <span class='ocrx_word' id='word_1_97' title='bbox 1471 907 1545 933; x_wconf 82' lang='lat' dir='ltr'>quae</span> <span class='ocrx_word' id='word_1_98' title='bbox 1563 898 1673 933; x_wconf 81' lang='lat' dir='ltr'>scripsi,</span> <span class='ocrx_word' id='word_1_99' title='bbox 1691 903 1752 926; x_wconf 70' lang='lat' dir='ltr'>tam</span> <span class='ocrx_word' id='word_1_100' title='bbox 1772 899 1803 926; x_wconf 89' lang='lat' dir='ltr'>in</span> <span class='ocrx_word' id='word_1_101' title='bbox 1824 898 1922 933; x_wconf 82' lang='lat' dir='ltr'>Opere</span> 
     </span>
     <span class='ocr_line' id='line_1_10' title="bbox 636 941 1922 977; baseline 0.001 -9"><span class='ocrx_word' id='word_1_102' title='bbox 636 941 735 976; x_wconf 70' lang='lat' dir='ltr'>Majori</span> <span class='ocrx_word' id='word_1_103' title='bbox 753 949 837 975; x_wconf 81' lang='lat' dir='ltr'>quam</span> <span class='ocrx_word' id='word_1_104' title='bbox 854 941 968 970; x_wconf 66' lang='lat' dir='ltr'>minori.</span> <span class='ocrx_word' id='word_1_105' title='bbox 1006 942 1079 969; x_wconf 75' lang='lat' dir='ltr'>Nam</span> <span class='ocrx_word' id='word_1_106' title='bbox 1097 950 1154 969; x_wconf 73' lang='lat' dir='ltr'>una</span> <span class='ocrx_word' id='word_1_107' title='bbox 1171 942 1343 977; x_wconf 76' lang='lat' dir='ltr'>comparatio</span> <span class='ocrx_word' id='word_1_108' title='bbox 1359 946 1405 969; x_wconf 85' lang='lat' dir='ltr'>est</span> <span class='ocrx_word' id='word_1_109' title='bbox 1421 942 1618 977; x_wconf 71' lang='lat' dir='ltr'>philosophiae</span> <span class='ocrx_word' id='word_1_110' title='bbox 1634 941 1672 968; x_wconf 86' lang='lat' dir='ltr'>ad</span> <span class='ocrx_word' id='word_1_111' title='bbox 1686 942 1877 976; x_wconf 77' lang='lat' dir='ltr'>theologiam,</span> <span class='ocrx_word' id='word_1_112' title='bbox 1892 947 1922 969; x_wconf 83' lang='lat' dir='ltr'>ut</span> 
     </span>
     <span class='ocr_line' id='line_1_11' title="bbox 634 983 819 1019; baseline 0 -7"><span class='ocrx_word' id='word_1_113' title='bbox 634 993 722 1019; x_wconf 86' lang='lat' dir='ltr'>saepe</span> <span class='ocrx_word' id='word_1_114' title='bbox 739 983 819 1012; x_wconf 60' lang='lat' dir='ltr'>dixi)</span> 
     </span>
    </p>

    <p class='ocr_par' dir='ltr' id='par_1_3' title="bbox 634 1028 1923 1106">
     <span class='ocr_line' id='line_1_12' title="bbox 672 1028 1923 1063; baseline 0.002 -9"><span class='ocrx_word' id='word_1_115' title='bbox 672 1032 679 1043; x_wconf 81' lang='lat'>⁸</span> <span class='ocrx_word' id='word_1_116' title='bbox 689 1028 780 1055; x_wconf 80' lang='lat' dir='ltr'>Sexta</span> <span class='ocrx_word' id='word_1_117' title='bbox 791 1036 860 1054; x_wconf 87' lang='lat' dir='ltr'>vero</span> <span class='ocrx_word' id='word_1_118' title='bbox 879 1036 945 1062; x_wconf 85' lang='lat' dir='ltr'>pars</span> <span class='ocrx_word' id='word_1_119' title='bbox 962 1028 1077 1055; x_wconf 80' lang='lat' dir='ltr'>moralis</span> <span class='ocrx_word' id='word_1_120' title='bbox 1089 1028 1285 1063; x_wconf 71' lang='lat' dir='ltr'>philosophiae</span> <span class='ocrx_word' id='word_1_121' title='bbox 1303 1033 1348 1055; x_wconf 82' lang='lat' dir='ltr'>est</span> <span class='ocrx_word' id='word_1_122' title='bbox 1366 1028 1403 1055; x_wconf 91' lang='lat' dir='ltr'>de</span> <span class='ocrx_word' id='word_1_123' title='bbox 1417 1029 1512 1055; x_wconf 83' lang='lat' dir='ltr'>causis</span> <span class='ocrx_word' id='word_1_124' title='bbox 1523 1028 1693 1055; x_wconf 72' lang='lat' dir='ltr'>ventilandis</span> <span class='ocrx_word' id='word_1_125' title='bbox 1710 1037 1810 1055; x_wconf 76' lang='lat' dir='ltr'>eoram</span> <span class='ocrx_word' id='word_1_126' title='bbox 1825 1029 1923 1063; x_wconf 78' lang='lat' dir='ltr'>judice</span> 
     </span>
     <span class='ocr_line' id='line_1_13' title="bbox 634 1069 1923 1106; baseline 0.002 -9"><span class='ocrx_word' id='word_1_127' title='bbox 634 1071 709 1098; x_wconf 87' lang='lat' dir='ltr'>inter</span> <span class='ocrx_word' id='word_1_128' title='bbox 722 1074 829 1105; x_wconf 63' lang='lat' dir='ltr'>partes,</span> <span class='ocrx_word' id='word_1_129' title='bbox 843 1074 874 1098; x_wconf 86' lang='lat' dir='ltr'>ut</span> <span class='ocrx_word' id='word_1_130' title='bbox 887 1071 936 1098; x_wconf 81' lang='lat' dir='ltr'>fiat</span> <span class='ocrx_word' id='word_1_131' title='bbox 946 1071 1071 1105; x_wconf 82' lang='lat' dir='ltr'>justitia:</span> <span class='ocrx_word' id='word_1_132' title='bbox 1089 1071 1143 1098; x_wconf 89' lang='lat' dir='ltr'>sed</span> <span class='ocrx_word' id='word_1_133' title='bbox 1155 1071 1229 1099; x_wconf 82' lang='lat' dir='ltr'>hanc</span> <span class='ocrx_word' id='word_1_134' title='bbox 1242 1072 1334 1099; x_wconf 83' lang='lat' dir='ltr'>solum</span> <span class='ocrx_word' id='word_1_135' title='bbox 1347 1076 1435 1105; x_wconf 71' lang='lat' dir='ltr'>tango</span> <span class='ocrx_word' id='word_1_136' title='bbox 1449 1076 1568 1106; x_wconf 85' lang='lat' dir='ltr'>propter</span> <span class='ocrx_word' id='word_1_137' title='bbox 1581 1079 1683 1099; x_wconf 70' lang='lat' dir='ltr'>causas</span> <span class='ocrx_word' id='word_1_138' title='bbox 1694 1080 1773 1105; x_wconf 82' lang='lat' dir='ltr'>quas</span> <span class='ocrx_word' id='word_1_139' title='bbox 1786 1069 1923 1106; x_wconf 59' lang='lat' dir='ltr'>asdgno!</span> 
     </span>
    </p>

    <p class='ocr_par' dir='ltr' id='par_1_4' title="bbox 633 1114 1923 1444">
     <span class='ocr_line' id='line_1_14' title="bbox 672 1114 1923 1150; baseline 0.002 -9"><span class='ocrx_word' id='word_1_140' title='bbox 672 1114 757 1142; x_wconf 81' lang='lat' dir='ltr'>From</span> <span class='ocrx_word' id='word_1_141' title='bbox 782 1114 866 1141; x_wconf 87' lang='lat' dir='ltr'>other</span> <span class='ocrx_word' id='word_1_142' title='bbox 886 1119 965 1149; x_wconf 82' lang='lat' dir='ltr'>parts</span> <span class='ocrx_word' id='word_1_143' title='bbox 991 1114 1025 1141; x_wconf 79' lang='lat' dir='ltr'>os</span> <span class='ocrx_word' id='word_1_144' title='bbox 1045 1114 1094 1141; x_wconf 87' lang='lat' dir='ltr'>the</span> <span class='ocrx_word' id='word_1_145' title='bbox 1120 1114 1200 1150; x_wconf 78' lang='lat' dir='ltr'>Opus</span> <span class='ocrx_word' id='word_1_146' title='bbox 1224 1114 1347 1142; x_wconf 67' lang='lat' dir='ltr'>Tertium</span> <span class='ocrx_word' id='word_1_147' title='bbox 1367 1115 1509 1150; x_wconf 79' lang='lat' dir='ltr'>(Brewer,</span> <span class='ocrx_word' id='word_1_148' title='bbox 1535 1123 1582 1150; x_wconf 88' lang='lat' dir='ltr'>pp.</span> <span class='ocrx_word' id='word_1_149' title='bbox 1607 1115 1663 1142; x_wconf 76' lang='lat'>266</span> <span class='ocrx_word' id='word_1_150' title='bbox 1679 1115 1739 1142; x_wconf 73' lang='lat' dir='ltr'>and</span> <span class='ocrx_word' id='word_1_151' title='bbox 1760 1117 1880 1150; x_wconf 72' lang='lat'>304-8),</span> <span class='ocrx_word' id='word_1_152' title='bbox 1901 1116 1923 1143; x_wconf 83' lang='lat' dir='ltr'>it</span> 
     </span>
     <span class='ocr_line' id='line_1_15' title="bbox 635 1157 1922 1193; baseline 0.002 -9"><span class='ocrx_word' id='word_1_153' title='bbox 635 1157 732 1184; x_wconf 84' lang='lat' dir='ltr'>would</span> <span class='ocrx_word' id='word_1_154' title='bbox 750 1165 830 1184; x_wconf 84' lang='lat' dir='ltr'>seem</span> <span class='ocrx_word' id='word_1_155' title='bbox 847 1157 909 1184; x_wconf 84' lang='lat' dir='ltr'>that</span> <span class='ocrx_word' id='word_1_156' title='bbox 927 1157 956 1184; x_wconf 86' lang='lat' dir='ltr'>in</span> <span class='ocrx_word' id='word_1_157' title='bbox 974 1158 1023 1185; x_wconf 88' lang='lat' dir='ltr'>the</span> <span class='ocrx_word' id='word_1_158' title='bbox 1043 1158 1106 1185; x_wconf 74' lang='lat' dir='ltr'>fifth</span> <span class='ocrx_word' id='word_1_159' title='bbox 1122 1162 1187 1193; x_wconf 79' lang='lat' dir='ltr'>part</span> <span class='ocrx_word' id='word_1_160' title='bbox 1204 1158 1238 1185; x_wconf 79' lang='lat' dir='ltr'>os</span> <span class='ocrx_word' id='word_1_161' title='bbox 1253 1158 1311 1185; x_wconf 87' lang='lat' dir='ltr'>this</span> <span class='ocrx_word' id='word_1_162' title='bbox 1329 1158 1448 1185; x_wconf 83' lang='lat' dir='ltr'>treatise</span> <span class='ocrx_word' id='word_1_163' title='bbox 1465 1158 1563 1185; x_wconf 85' lang='lat' dir='ltr'>Bacon</span> <span class='ocrx_word' id='word_1_164' title='bbox 1583 1158 1722 1192; x_wconf 72' lang='lat' dir='ltr'>enlarged</span> <span class='ocrx_word' id='word_1_165' title='bbox 1741 1167 1783 1185; x_wconf 86' lang='lat' dir='ltr'>on</span> <span class='ocrx_word' id='word_1_166' title='bbox 1801 1159 1854 1186; x_wconf 88' lang='lat' dir='ltr'>the</span> <span class='ocrx_word' id='word_1_167' title='bbox 1873 1159 1922 1187; x_wconf 78' lang='lat' dir='ltr'>im-</span> 
     </span>
     <span class='ocr_line' id='line_1_16' title="bbox 635 1199 1919 1236; baseline 0.002 -9"><span class='ocrx_word' id='word_1_168' title='bbox 635 1205 774 1235; x_wconf 77' lang='lat' dir='ltr'>portance</span> <span class='ocrx_word' id='word_1_169' title='bbox 794 1199 829 1227; x_wconf 81' lang='lat' dir='ltr'>of</span> <span class='ocrx_word' id='word_1_170' title='bbox 846 1205 974 1235; x_wconf 70' lang='lat' dir='ltr'>orator-y,</span> <span class='ocrx_word' id='word_1_171' title='bbox 992 1200 1076 1236; x_wconf 78' lang='lat' dir='ltr'>style,</span> <span class='ocrx_word' id='word_1_172' title='bbox 1097 1201 1154 1229; x_wconf 81' lang='lat' dir='ltr'>and</span> <span class='ocrx_word' id='word_1_173' title='bbox 1176 1205 1294 1235; x_wconf 77' lang='lat' dir='ltr'>gesture</span> <span class='ocrx_word' id='word_1_174' title='bbox 1317 1205 1348 1228; x_wconf 90' lang='lat' dir='ltr'>to</span> <span class='ocrx_word' id='word_1_175' title='bbox 1368 1201 1419 1228; x_wconf 92' lang='lat' dir='ltr'>the</span> <span class='ocrx_word' id='word_1_176' title='bbox 1440 1200 1529 1228; x_wconf 82' lang='lat' dir='ltr'>moral</span> <span class='ocrx_word' id='word_1_177' title='bbox 1550 1201 1606 1228; x_wconf 76' lang='lat' dir='ltr'>and</span> <span class='ocrx_word' id='word_1_178' title='bbox 1628 1200 1768 1235; x_wconf 74' lang='lat' dir='ltr'>religion:</span> <span class='ocrx_word' id='word_1_179' title='bbox 1791 1202 1919 1229; x_wconf 73' lang='lat' dir='ltr'>teacher.</span> 
     </span>
     <span class='ocr_line' id='line_1_17' title="bbox 635 1242 1922 1280; baseline 0.002 -10"><span class='ocrx_word' id='word_1_180' title='bbox 635 1242 799 1278; x_wconf 77' lang='lat' dir='ltr'>‘Docetur,&#39;</span> <span class='ocrx_word' id='word_1_181' title='bbox 817 1243 855 1270; x_wconf 87' lang='lat' dir='ltr'>he</span> <span class='ocrx_word' id='word_1_182' title='bbox 879 1251 958 1278; x_wconf 80' lang='lat' dir='ltr'>says,</span> <span class='ocrx_word' id='word_1_183' title='bbox 978 1245 1054 1279; x_wconf 89' lang='lat' dir='ltr'>‘quo</span> <span class='ocrx_word' id='word_1_184' title='bbox 1079 1245 1164 1272; x_wconf 82' lang='lat' dir='ltr'>modo</span> <span class='ocrx_word' id='word_1_185' title='bbox 1186 1244 1256 1271; x_wconf 79' lang='lat' dir='ltr'>fiant</span> <span class='ocrx_word' id='word_1_186' title='bbox 1278 1252 1427 1271; x_wconf 84' lang='lat' dir='ltr'>sermones</span> <span class='ocrx_word' id='word_1_187' title='bbox 1448 1244 1583 1271; x_wconf 61' lang='lat' dir='ltr'>sublima</span> <span class='ocrx_word' id='word_1_188' title='bbox 1605 1248 1663 1271; x_wconf 78' lang='lat' dir='ltr'>tam</span> <span class='ocrx_word' id='word_1_189' title='bbox 1686 1244 1715 1271; x_wconf 86' lang='lat' dir='ltr'>in</span> <span class='ocrx_word' id='word_1_190' title='bbox 1736 1253 1814 1272; x_wconf 84' lang='lat' dir='ltr'>voce</span> <span class='ocrx_word' id='word_1_191' title='bbox 1836 1254 1922 1280; x_wconf 74' lang='lat' dir='ltr'>quan</span> 
     </span>
     <span class='ocr_line' id='line_1_18' title="bbox 633 1287 1922 1323; baseline 0 -9"><span class='ocrx_word' id='word_1_192' title='bbox 633 1288 787 1320; x_wconf 81' lang='lat' dir='ltr'>sententia,</span> <span class='ocrx_word' id='word_1_193' title='bbox 799 1287 957 1314; x_wconf 79' lang='lat' dir='ltr'>secundum</span> <span class='ocrx_word' id='word_1_194' title='bbox 976 1295 1077 1314; x_wconf 84' lang='lat' dir='ltr'>omnes</span> <span class='ocrx_word' id='word_1_195' title='bbox 1096 1292 1214 1315; x_wconf 78' lang='lat' dir='ltr'>ornatus</span> <span class='ocrx_word' id='word_1_196' title='bbox 1231 1288 1381 1321; x_wconf 84' lang='lat' dir='ltr'>sermonis,</span> <span class='ocrx_word' id='word_1_197' title='bbox 1394 1292 1452 1315; x_wconf 77' lang='lat' dir='ltr'>tam</span> <span class='ocrx_word' id='word_1_198' title='bbox 1471 1288 1588 1315; x_wconf 81' lang='lat' dir='ltr'>metrice</span> <span class='ocrx_word' id='word_1_199' title='bbox 1607 1291 1636 1314; x_wconf 85' lang='lat' dir='ltr'>et</span> <span class='ocrx_word' id='word_1_200' title='bbox 1653 1287 1819 1322; x_wconf 78' lang='lat' dir='ltr'>rhythmice</span> <span class='ocrx_word' id='word_1_201' title='bbox 1837 1297 1922 1323; x_wconf 68' lang='lat' dir='ltr'>quam</span> 
     </span>
     <span class='ocr_line' id='line_1_19' title="bbox 634 1329 1923 1366; baseline 0.002 -9"><span class='ocrx_word' id='word_1_202' title='bbox 634 1329 775 1365; x_wconf 78' lang='lat' dir='ltr'>prosaice,</span> <span class='ocrx_word' id='word_1_203' title='bbox 793 1334 824 1356; x_wconf 92' lang='lat' dir='ltr'>ut</span> <span class='ocrx_word' id='word_1_204' title='bbox 839 1330 951 1357; x_wconf 83' lang='lat' dir='ltr'>animus</span> <span class='ocrx_word' id='word_1_205' title='bbox 967 1330 1004 1357; x_wconf 82' lang='lat' dir='ltr'>ad</span> <span class='ocrx_word' id='word_1_206' title='bbox 1020 1330 1047 1357; x_wconf 93' lang='lat' dir='ltr'>id</span> <span class='ocrx_word' id='word_1_207' title='bbox 1061 1331 1136 1365; x_wconf 86' lang='lat' dir='ltr'>quod</span> <span class='ocrx_word' id='word_1_208' title='bbox 1152 1330 1273 1358; x_wconf 86' lang='lat' dir='ltr'>intendit</span> <span class='ocrx_word' id='word_1_209' title='bbox 1286 1339 1447 1365; x_wconf 83' lang='lat' dir='ltr'>persuasor,</span> <span class='ocrx_word' id='word_1_210' title='bbox 1465 1331 1590 1365; x_wconf 83' lang='lat' dir='ltr'>rapiatur</span> <span class='ocrx_word' id='word_1_211' title='bbox 1606 1330 1669 1357; x_wconf 91' lang='lat' dir='ltr'>sine</span> <span class='ocrx_word' id='word_1_212' title='bbox 1683 1331 1880 1366; x_wconf 80' lang='lat' dir='ltr'>praevisione,</span> <span class='ocrx_word' id='word_1_213' title='bbox 1893 1336 1923 1359; x_wconf 86' lang='lat' dir='ltr'>et</span> 
     </span>
     <span class='ocr_line' id='line_1_20' title="bbox 634 1373 1923 1410; baseline 0.002 -10"><span class='ocrx_word' id='word_1_214' title='bbox 634 1373 731 1401; x_wconf 83' lang='lat' dir='ltr'>subito</span> <span class='ocrx_word' id='word_1_215' title='bbox 749 1373 831 1400; x_wconf 80' lang='lat' dir='ltr'>eadat</span> <span class='ocrx_word' id='word_1_216' title='bbox 844 1373 872 1399; x_wconf 86' lang='lat' dir='ltr'>in</span> <span class='ocrx_word' id='word_1_217' title='bbox 888 1381 1013 1400; x_wconf 79' lang='lat' dir='ltr'>amorem</span> <span class='ocrx_word' id='word_1_218' title='bbox 1027 1373 1093 1400; x_wconf 88' lang='lat' dir='ltr'>boni</span> <span class='ocrx_word' id='word_1_219' title='bbox 1112 1378 1142 1400; x_wconf 86' lang='lat' dir='ltr'>et</span> <span class='ocrx_word' id='word_1_220' title='bbox 1155 1374 1250 1400; x_wconf 88' lang='lat' dir='ltr'>odium</span> <span class='ocrx_word' id='word_1_221' title='bbox 1269 1374 1345 1407; x_wconf 83' lang='lat' dir='ltr'>mali,</span> <span class='ocrx_word' id='word_1_222' title='bbox 1358 1375 1515 1401; x_wconf 86' lang='lat' dir='ltr'>seeundum</span> <span class='ocrx_word' id='word_1_223' title='bbox 1533 1374 1609 1408; x_wconf 86' lang='lat' dir='ltr'>quod</span> <span class='ocrx_word' id='word_1_224' title='bbox 1626 1375 1710 1401; x_wconf 87' lang='lat' dir='ltr'>docet</span> <span class='ocrx_word' id='word_1_225' title='bbox 1722 1375 1923 1410; x_wconf 79' lang='lat' dir='ltr'>Alpharabius</span> 
     </span>
     <span class='ocr_line' id='line_1_21' title="bbox 635 1415 964 1444; baseline -0.003 0"><span class='ocrx_word' id='word_1_226' title='bbox 635 1416 664 1444; x_wconf 89' lang='lat' dir='ltr'>in</span> <span class='ocrx_word' id='word_1_227' title='bbox 677 1416 750 1444; x_wconf 86' lang='lat' dir='ltr'>libro</span> <span class='ocrx_word' id='word_1_228' title='bbox 762 1416 800 1443; x_wconf 89' lang='lat' dir='ltr'>de</span> <span class='ocrx_word' id='word_1_229' title='bbox 812 1415 964 1444; x_wconf 84' lang='lat' dir='ltr'>Scientiis.&#39;</span> 
     </span>
    </p>
   </div>
  </div>
 </body>
</html>
