2350 3580
608 739 677 782 364
845 739 1019 773 OPERIS
1043 739 1252 779 MAJORIS
1279 739 1405 773 PARS
1431 739 1654 773 SEPTIMA.

610 835 732 864 tamen
751 829 781 865 si
801 826 903 878 [per]
921 830 1019 865 diem
1038 836 1256 876 noctemque
1270 829 1465 866 continues
1482 839 1582 865 mors
1597 828 1678 866 erit.
1720 827 1880 864 Multum

609 886 760 922 interest
786 887 950 922 remittas
968 887 1108 932 aliquid.
1128 898 1175 922 an
1201 887 1332 923 solvas.
1383 886 1604 922 Conditus-es
1622 886 1745 931 legum
1768 884 1883 921 festos

609 943 842 980 instituerunt
855 945 943 984 dies.
957 949 997 979 ut·
1014 945 1063 980 ad
1078 944 1301 980 hilaritatem
1319 945 1485 981 homines
1497 943 1644 991 publice
1656 948 1883 990 cogerentur,

608 1008 785 1047 tanquam
799 1001 1039 1038 neceesarium
1051 1001 1239 1038 laboribus
1252 1002 1523 1048 interponente·
1533 1005 1881 1048 temperamentum

608 1065 646 1093 et
679 1059 803 1106 magni
835 1059 903 1094 viri
937 1059 1005 1094 sibi
1039 1066 1245 1095 menstruas
1280 1061 1387 1097 certis
1426 1060 1556 1094 diebus
1587 1060 1728 1094 dabant
1763 1059 1880 1094 serias.

609 1114 771 1162 Quidam
799 1128 886 1158 vei-,o
914 1116 1052 1152 nullum
1083 1123 1157 1152 n‘on
1182 1117 1303 1153 diem¹
1334 1118 1427 1153 inter
1456 1118 1572 1153 otium
1596 1123 1636 1154 et
1658 1127 1763 1153 curas
1788 1117 1881 1152 divi-

608 1173 755 1217 debant,
783 1185 876 1220 quos
909 1173 1010 1210 nulla
1039 1186 1094 1211 res
1128 1174 1223 1211 ultra
1256 1175 1436 1211 decimam
1469 1174 1596 1210 boram
1629 1174 1798 1214 retinuit;
1835 1184 1883 1209 ne

608 1230 783 1276 epistulas
808 1232 957 1278 quidem
986 1239 1070 1279 post
1097 1231 1192 1268 hanc
1216 1232 1345 1268 horam
1374 1233 1556 1279 legebant,
1578 1243 1623 1268 ne
1647 1232 1736 1276 quid
1764 1242 1881 1267 novae

609 1299 717 1324 curae
750 1295 970 1332 nasceretur,
1003 1290 1068 1324 sed
1101 1290 1219 1325 totius
1252 1290 1323 1325 diei
1363 1290 1609 1325 lassitudinem
1645 1289 1776 1324 duabis
1808 1289 1883 1325 illis

609 1345 707 1382 horis
732 1347 926 1392 ponebant.
943 1375 952 1382 .
972 1373 979 1383 .
999 1373 1007 1381 .
1028 1346 1263 1392 Majoresque
1288 1348 1401 1383 nostri
1435 1359 1567 1383 novam
1598 1347 1812 1383 relationem
1844 1348 1880 1382 in

608 1408 737 1439 senatu
770 1410 855 1450 post
888 1405 1017 1440 horam
1050 1405 1232 1441 decimam
1261 1404 1336 1440 fieri
1370 1403 1556 1441 vetabant.
1607 1403 1880 1450 Indulgendum

607 1466 663 1496 est
679 1461 803 1496 animo
820 1462 1058 1507 dandumque
1077 1463 1232 1499 subinde
1256 1463 1381 1499 otium.
1399 1462 1498 1507 quod
1516 1462 1678 1497 alimenti
1697 1468 1735 1498 et
1750 1462 1880 1497 virium

608 1518 690 1554 loco
706 1519 766 1560 sit.
790 1525 827 1555 et
852 1519 1161 1555 ambulationibus
1181 1520 1316 1566 apertis
1337 1520 1556 1565 vagandum,
1574 1525 1617 1555 ut
1636 1519 1738 1556 coelo
1763 1519 1880 1555 libero

607 1582 644 1611 et
672 1576 788 1612 multo
817 1576 944 1623 spiritu
974 1582 1110 1623 augeat
1134 1577 1354 1623 attollatque
1383 1588 1422 1612 se
1454 1577 1607 1613 animus.
1666 1576 1880 1623 Aliquando

607 1634 766 1668 vectatio
784 1634 923 1681 iterque
940 1641 977 1670 et
997 1641 1139 1671 mutata
1158 1635 1258 1682 regio
1274 1635 1438 1681 vigorem
1456 1634 1607 1677 dabunt,
1618 1635 1880 1681 convictusque

606 1697 645 1726 et
671 1691 855 1727 liberalior
879 1693 1003 1738 potio;
1021 1714 1054 1728 .·.
1074 1721 1082 1728 .
1101 1692 1214 1728 eluit*
1239 1693 1335 1728 enim
1363 1703 1467 1727 curas
1497 1693 1632 1734 vinum,
1658 1698 1694 1727 et
1720 1692 1767 1727 ab
1804 1692 1879 1727 imo

606 1749 770 1785 animum
786 1755 919 1792 movet,
934 1755 973 1786 et
990 1756 1031 1786 ut
1048 1751 1185 1785 morbis
1203 1750 1421 1796 quibusdam
1443 1750 1494 1785 ita
1514 1750 1684 1785 tristitiae
1701 1750 1878 1786 medetur.

609 1806 730 1851 Liber,
755 1807 817 1853 qui
846 1815 902 1844 est
929 1806 1105 1850 Bacchus,
1125 1817 1199 1844 non
1225 1807 1274 1844 ob
1299 1807 1483 1843 licentiam
1510 1807 1656 1854 linguae
1681 1807 1798 1843 dictus
1823 1814 1878 1844 est

608 1865 775 1912 inventor
803 1865 888 1911 vini,
917 1867 980 1900 sed
1010 1866 1098 1911 quia
1132 1859 1264 1906 liberat
1290 1877 1312 1900 a
1341 1866 1487 1901 servitio
1521 1876 1685 1900 curarum
1714 1866 1877 1900 animum

606 1929 717 1968 atque
735 1923 966 1958 audaciorem
983 1924 1023 1958 in
1039 1934 1168 1958 omnes
1190 1928 1341 1959 conatus
1364 1924 1461 1959 facit.
1476 1949 1483 1958 .
1498 1950 1505 1957 .
1527 1948 1535 1956 .
1556 1923 1745 1958 Solonem’
1765 1934 1876 1958 unum

606 1980 652 2014 de
670 1986 812 2026 septem
830 1979 1065 2026 sapientibun,
1077 1980 1396 2027 ‘Arcesilaumque
1414 1979 1672 2027 philosophum
1686 1980 1880 2016 indulsisse

605 2038 688 2072 vino
708 2038 868 2074 credunt.
921 2037 1052 2074 Catoni
1072 2038 1231 2074 ebrietas
1252 2038 1396 2093 objecta
1416 2045 1483 2074 est.
1536 2038 1716 2074 Facilius³
1734 2037 1878 2080 efficiet.

606 2095 770 2140 quinquis
797 2095 986 2139 objecerit,
1006 2095 1074 2130 boc
1101 2096 1236 2130 crimen
1268 2096 1463 2131 honesturn
1494 2107 1606 2141 quam
1634 2101 1776 2141 turpem
1807 2096 1877 2132 Ca—

606 2159 741 2188 tonern.
792 2152 867 2188 Sed
895 2158 934 2188 ut
959 2151 1137 2188 libertatis
1154 2154 1205 2188 ita
1225 2154 1296 2188 vini
1314 2154 1467 2189 salubris
1487 2154 1689 2189 moderatio
1707 2159 1785 2194 esu
1812 2165 1878 2190 nec

605 2221 716 2256 saepe
735 2209 939 2246 faciendum
959 2217 1026 2253 est,
1043 2221 1090 2246 ne
1105 2211 1250 2253 animus
1276 2211 1407 2247 malam
1434 2212 1732 2247 consuetudinem
1756 2211 1876 2248 ducat.

609 2268 657 2302 Et
690 2274 812 2302 tamen
846 2269 1045 2316 aliquando
1074 2269 1110 2305 in
1145 2270 1410 2306 exultationem
1443 2270 1720 2314 libertatemque
1754 2262 1877 2307 extra·

606 2324 757 2369 hcndus,
777 2327 961 2372 tristisque
983 2328 1163 2362 sobrietas
1187 2328 1406 2362 removenda
1434 2327 1627 2373 paulisper.
1678 2327 1775 2362 Nam
1800 2329 1877 2363 sive

606 2381 748 2418 Gracco
769 2390 899 2429 poetae
919 2384 1108 2426 credimus,
1128 2384 1343 2431 Aliquando
1363 2385 1472 2420 etiam
1498 2384 1654 2420 insanire
1674 2384 1876 2431 jucundum

605 2447 670 2483 est,
696 2441 772 2476 sive
801 2441 951 2484 Platoni,
981 2442 1130 2478 Frustra
1159 2443 1322 2488 poeticas
1350 2442 1445 2478 fores
1472 2453 1621 2488 compos
1647 2443 1703 2478 sui
1729 2454 1876 2490 semper

605 2498 755 2544 pepulit,
766 2500 841 2534 sive
857 2499 1061 2543 Aristoteli,
1081 2500 1232 2535 Nullum
1254 2511 1425 2547 magnum
1452 2499 1662 2547 ingenium*
1687 2500 1765 2535 sine
1783 2501 1876 2536 mix-

605 2555 684 2591 tura
710 2558 917 2592 dementiae
948 2556 1026 2592 fuit.
1090 2558 1174 2593 Non
1210 2564 1330 2604 potest
1363 2560 1501 2604 grande
1534 2558 1669 2603 aliquid
1701 2563 1738 2593 et
1767 2571 1876 2605 super

604 2620 767 2649 caeteros
795 2614 892 2660 loqui
922 2615 988 2659 nisi
1017 2622 1117 2651 mota
1148 2626 1263 2668 mens,
1290 2626 1370 2652 cum
1401 2616 1565 2661 vulgaria
1590 2622 1627 2651 et
1652 2616 1760 2652 solita
1787 2626 1876 2651 con-

604 2672 766 2716 tempsit,
795 2672 1040 2718 instinctuque
1065 2684 1170 2709 sacro
1201 2674 1356 2709 surrexit
1392 2673 1581 2715 excelsior,
1607 2679 1694 2709 tunc
1726 2673 1875 2711 demum

602 2727 740 2774 aliquid
758 2730 886 2764 cecinit
903 2731 1078 2775 grandius
1097 2731 1245 2766 homine
1268 2731 1421 2765 mortali.
1474 2731 1561 2765 Non
1581 2736 1702 2776 potest
1718 2731 1876 2766 sublime

639 2803 644 2817 ¹
666 2804 728 2831 The
747 2805 892 2839 quotation
912 2805 939 2832 in
957 2806 1006 2834 the
1023 2805 1105 2834 MSS.
1122 2806 1208 2840 being
1223 2806 1428 2842 unintelligible
1447 2808 1525 2839 licre.
1541 2807 1588 2834 the
1602 2807 1698 2834 words
1718 2808 1751 2835 ol*
1763 2809 1875 2836 Seneca

600 2856 650 2875 are
683 2856 755 2875 iven.

638 2891 648 2905 ⁸
664 2856 764 2919 gBaetin·
779 2893 848 2920 bere
859 2895 943 2919 omits
957 2894 1054 2921 words
1068 2894 1161 2921 which
1176 2903 1339 2927 encourage
1352 2894 1512 2922 occasioual
1527 2903 1636 2922 απαξ.

639 2936 647 2948 ”
666 2935 737 2962 Thia
750 2942 886 2963 sentence
899 2936 921 2963 is
935 2937 1145 2972 unintelligibly
1161 2938 1336 2964 transcribet!
1352 2938 1379 2964 in
1394 2939 1441 2964 the
1458 2937 1541 2965 ΗΒΕ.

639 2979 646 2993 ⁸
666 2978 752 3006 Aristi
771 2978 843 3006 Puer.
859 2988 921 3014 ιειρ.
939 2988 968 3014 η
983 2980 1097 3016 ‘bip-voirs
1108 2982 1125 3015 ἡ
1139 2981 1261 3015 ποιητική
1274 2980 1379 3015 lori-*15
1396 2982 1514 3015 μανικοῦ.
