2350 3580
858 339 1621 547 -
1659 538 1665 539 ’
1940 339 1976 547 Ἰ.

609 713 677 757 236
845 713 1019 746 OPERIS
1043 712 1255 751 MAJORJS
1282 710 1409 745 PARS
1434 710 1656 746 SEPTIMA.

609 803 813 850 sexaginta,
830 808 1032 850 posuerunt
1049 801 1219 848 Angelos
1238 801 1356 838 bonos
1383 807 1440 838 tot
1464 802 1656 848 essefquia
1682 801 1732 838 illi
1760 808 1888 838 motus

609 860 910 897 suntvoluntarii
928 866 967 897 et
982 861 1065 897 ideo
1091 860 1183 896 fiunt
1208 871 1272 907 per
1287 859 1464 906 Angelos
1515 859 1566 896 Et
1591 859 1689 896 istud
1711 866 1815 905 patet
1836 870 1887 896 ex

613 917 879 964 Metaphysicis
905 918 1114 956 Aristotelis
1137 924 1174 954 et
1194 918 1418 955 Avieennae.
1470 917 1614 952 Deinde
1636 918 1886 952 attenderunt

609 987 650 1010 se
666 977 713 1011 ad
731 976 943 1011 ulteriorem
961 977 1301 1018 considerationem,
1320 976 1545 1010 invenientes
1563 976 1667 1020 quasi
1691 985 1885 1010 numerum

609 1031 789 1069 infinitum
801 1033 1150 1081 correspondentem
1161 1033 1276 1076 nobis,
1288 1033 1381 1069 sicut
1396 1032 1683 1078 multiplicantur
1694 1031 1885 1067 individua

610 1090 646 1126 in
677 1090 746 1127 hoe
772 1092 912 1128 mundo
937 1091 1098 1127 inferiori
1122 1092 1192 1126 sub
1221 1102 1294 1126 una
1319 1090 1450 1137 specie,
1475 1097 1512 1126 et
1538 1090 1812 1134 distinguuntur
1836 1090 1885 1126 ab

609 1148 764 1184 invicem
788 1159 948 1191 numero¹
972 1149 1065 1184 sicut
1092 1149 1281 1184 individua
1308 1148 1503 1188 sensibilia,
1523 1148 1617 1183 sicut
1643 1147 1679 1182 in
1705 1147 1798 1182 libro
1826 1147 1886 1182 De

610 1204 741 1241 causis
758 1207 943 1251 scribitur3
968 1205 1176 1243 differenter
1194 1212 1330 1249 tamen,
1345 1206 1432 1252 quia
1447 1205 1583 1251 Angeli
1602 1205 1654 1240 ita
1669 1210 1886 1250 separantur

608 1263 657 1299 ab
690 1263 845 1299 invicem
877 1264 974 1310 quod
1010 1275 1083 1300 non
1117 1270 1407 1310 corrumpantur,
1436 1263 1502 1299 sed
1532 1268 1703 1297 maneant
1737 1263 1774 1296 iri
1805 1272 1885 1298 esse

609 1320 741 1356 stabili.
795 1321 899 1356 Haec
923 1327 1045 1356 autem
1074 1322 1263 1357 individua
1290 1327 1376 1356 nota
1407 1326 1621 1366 separantur
1654 1321 1703 1355 ab
1727 1320 1884 1355 invicem

617 1378 668 1414 ita
701 1379 799 1424 quod
828 1379 1026 1425 aliquando
1054 1385 1343 1424 corrumpantur.
1396 1378 1447 1414 Et
1470 1379 1503 1414 si
1529 1377 1698 1413 volumus
1734 1376 1885 1413 ulterius

608 1435 782 1472 admirari
808 1436 921 1472 verba
951 1435 1085 1476 Ethici.
1111 1447 1305 1482 possumus
1341 1435 1470 1476 dicere,
1494 1434 1589 1470 sicut
1615 1436 1692 1481 ipse
1724 1434 1815 1470 dicit
1848 1435 1884 1470 in

609 1492 704 1528 libro
719 1493 968 1538 su0‚Viginti1
986 1494 1130 1530 ordines
1143 1494 1374 1538 Angelorum
1392 1500 1492 1534 surm
1516 1504 1612 1538 quos
1629 1493 1740 1527 etiam
1758 1492 1885 1537 posuit

607 1550 752 1586 stetisse
768 1551 803 1585 in
822 1551 937 1596 gloria
950 1552 1109 1588 coelesti.

422 1612 573 1647 Quotation
657 1607 730 1644 Sed
750 1608 859 1654 longe
877 1609 994 1654 magis
1012 1610 1250 1644 admirandus
1270 1615 1325 1645 est
1342 1607 1547 1654 Apuleius²
1566 1607 1828 1647 Mandarensis‚
1846 1607 1884 1643 in

421 1650 596 1722 gzffleimor
608 1665 701 1701 libro
726 1666 772 1701 de
795 1666 877 1701 Deo
903 1665 1074 1709 Socratis,
1092 1667 1130 1703 in
1154 1678 1230 1713 quo
1256 1666 1372 1703 multa
1399 1665 1578 1702 mirabilia
1604 1666 1806 1702 edisserens
1836 1665 1885 1701 de

423 1722 575 1786 Ῑὲῦῦῑεῖτ
609 1722 788 1768 Angelica
815 1729 942 1758 natura
970 1724 1143 1761 transfert
1170 1725 1387 1761 sententiam
1416 1724 1581 1758 Platonis
1606 1723 1643 1758 in
1672 1723 1883 1769 Symposio,

421 1794 548 1823 Socrati*
609 1780 777 1816 videlicet
801 1782 902 1826 quod
928 1782 1077 1817 cuilibet
1105 1783 1167 1818 uni
1198 1783 1335 1818 homini
1363 1784 1565 1828 deputatur
1594 1788 1687 1816 unus
1711 1780 1880 1826 Angelus

608 1838 655 1873 ad
690 1838 895 1874 custodiam
921 1846 1048 1875 contra
1074 1840 1170 1875 mala
1196 1841 1330 1879 omnia.
1356 1847 1393 1875 et
1430 1840 1476 1876 ad
1512 1839 1805 1886 promovendum
1839 1844 1878 1875 et

607 1895 843 1930 excitandum
879 1897 925 1931 ad
959 1896 1068 1931 bona.
1132 1898 1181 1932 Et
1216 1903 1412 1943 postquam
1450 1898 1570 1932 anima
1603 1902 1775 1943 separata
1815 1902 1884 1939 est,

607 1953 786 1987 bonorum
808 1958 845 1988 et
872 1953 1048 1989 malorum
1064 1945 1239 1989 >omnium
1265 1966 1361 1999 quae
1385 1955 1496 1999 gessit
1523 1954 1583 1989 illa
1609 1954 1645 1988 in
1672 1965 1825 2000 corpore
1840 1952 1885 1989 fit

608 2009 712 2045 testis
744 2020 868 2045 coram
904 2010 986 2046 Deo
1014 2010 1148 2056 judice.
1215 2010 1343 2057 Atque
1376 2012 1503 2047 asserit
1538 2011 1705 2056 Angelos
1740 2009 1885 2046 deferre

612 2067 803 2113 petitiones
836 2068 1026 2105 hominum
1061 2070 1108 2105 ad
1139 2069 1312 2106 coelestia
1336 2076 1374 2105 et
1405 2075 1588 2116 reportare
1618 2070 1718 2105 dona
1747 2069 1796 2105 ab
1825 2068 1880 2104 eis

607 2125 655 2160 ad
679 2122 870 2168 homines;
899 2133 934 2161 et
959 2127 1089 2171 aliquis
1114 2135 1258 2172 praeest
1290 2128 1351 2161 uni
1375 2127 1589 2172 provinciae,
1617 2132 1655 2161 et
1674 2127 1767 2161 alius
1794 2126 1881 2169 alii;

609 2188 646 2218 et
672 2182 790 2218 multa.
812 2185 901 2218 talia
926 2185 1015 2219 dicit
1041 2185 1110 2219 sub
1135 2183 1192 2220 his
1216 2185 1359 2226 verbis;
1383 2185 1498 2220 *Sunt
1525 2185 1705 2231 quaedam
1735 2185 1884 2220 divinae

608 2241 752 2276 mediae
769 2247 970 2286 potestates
989 2242 1023 2277 in
1042 2241 1111 2277 isto
1130 2242 1325 2278 interstitio
1345 2242 1439 2278 inter
1456 2242 1623 2278 homines
1641 2242 1885 2289 coelicolasque

607 2309 672 2343 per
688 2309 779 2342 quas
803 2299 983 2334 desideria
1001 2306 1126 2336 nostra
1143 2306 1181 2335 et
1200 2301 1330 2336 merita
1345 2301 1392 2336 ad
1412 2312 1475 2336 eos
1492 2307 1672 2340 comeant.
1689 2300 1885 2336 vectores⁸

607 2355 690 2390 hinc
715 2367 863 2400 precum
890 2357 973 2392 inde
994 2359 1185 2398 donorum,
1205 2359 1265 2402 qui
1294 2358 1388 2393 ultra
1412 2359 1485 2393 cito
1512 2358 1707 2403 petitiones
1732 2362 1883 2404 portant

606 2412 690 2448 hinc
732 2413 818 2448 inde
859 2414 1041 2460 suffragia.
1065 2427 1130 2450 seu
1173 2417 1323 2460 quidam
1367 2416 1552 2461 utriusque
1586 2416 1811 2462 interpretes,
1844 2420 1884 2451 et

605 2471 761 2507 salutem
779 2472 855 2518 geri
875 2483 937 2518 per
954 2473 1021 2508 hos
1037 2479 1165 2509 curant
1184 2473 1315 2518 singuli
1334 2484 1458 2509 eorum
1480 2480 1520 2509 ut
1532 2479 1588 2509 est
1603 2473 1734 2519 cuique
1745 2472 1884 2508 tributa.

607 2529 802 2574 provincia,
835 2530 890 2564 vel
926 2531 1077 2567 somniis
1105 2530 1375 2572 confirmandis,
1406 2531 1463 2567 vel
1498 2531 1716 2578 praepositis
1747 2531 1884 2577 guber-

645 2630 651 2646 ¹
676 2631 707 2658 D.
724 2632 779 2658 and
795 2631 828 2658 Ο.
846 2632 918 2659 have
932 2641 1042 2660 novem.

642 2675 651 2690 ²
671 2674 729 2702 See
743 2675 784 2701 De
799 2674 910 2701 Cu’ml'etee
922 2676 979 2706 Dei.
991 2677 1102 2704 numni,
1114 2685 1174 2712 cap.
1191 2685 1220 2711 14
1234 2682 1262 2703 et
1279 2686 1339 2712 seq.
1376 2677 1439 2704 The
1452 2677 1606 2704 difference
1620 2677 1647 2702 in
1663 2680 1732 2703 tone
1745 2673 1881 2704 between

607 2719 649 2746 St.
663 2718 823 2752 Augustine
839 2719 895 2745 and
910 2719 1007 2746 Bseon
1028 2721 1050 2746 is
1070 2721 1176 2746 similar
1194 2725 1223 2746 to
1241 2722 1301 2748 that
1319 2721 1431 2749 noticcd
1448 2721 1476 2746 in
1492 2721 1542 2746 the
1561 2729 1626 2746 case
1644 2720 1678 2746 ot
1693 2719 1881 2755 Porphyrius.

607 2763 680 2791 'rh-t
699 2763 747 2791 the
762 2763 841 2790 word
861 2762 988 2790 Daemon
1008 2763 1110 2791 should
1132 2763 1165 2790 be
1188 2764 1258 2791 used
1279 2765 1305 2791 in
1325 2773 1383 2798 any
1396 2773 1482 2791 sense
1501 2764 1550 2791 but
1569 2773 1585 2791 n
1604 2763 1658 2791 bad
1677 2772 1735 2791 one
1747 2772 1810 2791 was
1831 2769 1883 2792 not

606 2806 769 2841 aceeptable
785 2812 815 2834 to
828 2805 870 2834 St.
886 2805 1052 2840 Augustine.
1090 2806 1163 2834 That
1185 2809 1347 2841 something
1367 2808 1523 2842 anule-gnus
1543 2813 1572 2835 to
1594 2808 1641 2835 the
1661 2809 1833 2842 conception
1851 2809 1886 2835 of

605 2850 715 2883 Angeia
732 2851 835 2877 should
855 2851 926 2877 hove
943 2851 1017 2877 been
1033 2851 1153 2877 reached
1173 2851 1211 2885 by
1228 2861 1244 2878 a
1263 2851 1471 2886 pre-Christian
1490 2852 1603 2878 thinker
1616 2860 1676 2878 was
1690 2851 1830 2878 welcome
1850 2856 1880 2878 to

606 2894 710 2920 Baton.

641 2939 651 2954 ³
671 2942 796 2964 motores
809 2937 875 2964 hinc
889 2946 1012 2972 precum,
1030 2939 1065 2965 M.
