2350 3580
446 621 479 649 of
486 620 534 650 the

445 657 524 693 point
536 660 566 685 αἱ

444 692 537 721 which
554 701 618 721 eon·

444 737 575 764 vergenoe

630 524 698 568 488
919 525 1019 558 MUL
1025 525 1055 558 T
1050 524 1205 559 IPLICA
1213 525 1290 558 7³10
1317 524 1598 558 SPECIERUM.

632 616 769 651 cadunt
798 616 835 651 in
865 615 1094 662 superficiem
1124 615 1261 662 speculi
1286 614 1446 657 concavi,
1469 625 1629 660 quorum
1656 626 1759 651 unus
1791 615 1923 652 transit

634 684 699 719 per
723 679 887 709 centrum
913 674 1051 720 speculi
1068 678 1105 709 et
1131 684 1197 718 per
1220 683 1331 708 axem
1356 672 1434 718 ejus
1456 678 1495 707 et
1512 683 1577 718 per
1601 672 1728 719 polos.
1789 673 1833 708 In
1851 674 1922 710 isto

632 731 744 777 igitur
770 731 919 777 speculo
948 742 1108 767 concavo
1137 731 1315 777 contingit
1345 730 1535 776 imaginari
1564 730 1729 767 circulos
1762 742 1921 778 magnos

632 794 861 824 transeuntes
879 800 944 834 per
961 788 1068 835 polos
1084 788 1163 834 ejus
1180 787 1342 824 infinitos
1358 788 1623 824 intersecantes
1640 800 1694 832 se,
1711 789 1820 825 sicut
1837 795 1922 825 sunt

630 846 744 882 coluri
762 847 798 882 in
814 846 980 893 sphaera,
996 857 1152 892 quorum
1170 846 1334 881 omnium
1354 845 1532 881 diameter
1548 850 1604 881 est
1620 845 1724 881 linea
1747 857 1851 892 quae
1865 852 1921 882 ωε

631 904 714 939 axis
736 903 921 949 sphaerae.
974 903 1017 939 ln
1039 903 1203 949 quolibet
1221 903 1332 948 igitur
1350 902 1568 939 circulorum
1591 903 1754 939 istorum
1779 905 1920 940 cadunt

632 962 725 997 radii
743 961 885 1004 infiniti,
904 967 940 997 et
958 961 1070 1007 aliqui
1093 962 1228 996 cadunt
1247 971 1364 1007 prope
1381 961 1506 1007 polum
1528 961 1612 996 axis
1633 961 1868 1006 inferiorem,
1883 968 1920 998 et

632 1019 744 1065 aliqui
769 1019 901 1061 altius;
919 1029 1053 1054 omnes
1077 1024 1200 1054 tamen
1225 1024 1415 1054 transeunt
1441 1029 1506 1064 per
1528 1018 1658 1064 polum
1683 1021 1919 1066 superiorem

633 1087 696 1112 seu
723 1087 788 1123 per
812 1076 1008 1112 terminum
1033 1076 1200 1112 diametri
1225 1076 1394 1112 altiorem
1418 1086 1544 1112 versus
1564 1077 1695 1120 solem,
1712 1083 1754 1113 et
1783 1084 1918 1124 postea

633 1139 822 1170 transeunt
851 1134 945 1170 ultra
973 1134 1011 1169 in
1040 1133 1269 1169 semicirculo
1295 1134 1468 1169 cadentes
1494 1134 1532 1169 in
1556 1140 1698 1179 puncto
1724 1146 1823 1171 suae
1853 1136 1919 1171 cir-

632 1190 902 1234 cumferentiae,
932 1191 1046 1236 aliqui
1079 1191 1202 1234 altius,
1236 1190 1348 1237 aliqui
1383 1190 1540 1231 inferius,
1574 1197 1760 1238 tanquam
1798 1192 1917 1229 linae

632 1261 654 1284 a
671 1250 829 1285 termino
844 1249 1015 1284 diametri
1033 1249 1167 1285 ductae
1183 1259 1299 1294 usque
1315 1249 1362 1284 ad
1379 1248 1523 1284 diversa
1538 1255 1676 1295 puncta
1702 1250 1739 1285 in
1759 1250 1917 1286 circum-

633 1306 784 1343 ferentia
801 1307 989 1352 utriusque
1007 1305 1220 1342 semicirculi
1237 1305 1309 1341 hoc
1326 1306 1449 1341 modo.
1499 1305 1574 1342 Sed
1593 1305 1715 1342 lineae
1732 1308 1914 1344 cadentes

632 1364 872 1410 propinquius
904 1364 973 1410 ipsi
1006 1364 1027 1399 b
1059 1363 1195 1400 faciunt
1233 1363 1409 1409 angulum
1446 1364 1620 1399 obtusum
1656 1365 1843 1401 minorem
1877 1371 1914 1401 et

632 1428 780 1457 acutum
788 1421 963 1468 angulum
976 1421 1150 1468 majorem
1158 1420 1574 1466 quamlineaecadentes
1587 1422 1782 1457 remotius.
1822 1421 1914 1459 Cum

1175 1489 1264 1525 ergo
1288 1479 1385 1513 acuti
1410 1477 1532 1524 anguli
1558 1478 1632 1513 sint
1660 1480 1794 1526 anguli
1823 1480 1913 1515 inci·

1176 1536 1333 1579 dentiae,
1352 1542 1391 1572 et
1416 1536 1465 1571 ab
1489 1536 1629 1572 obtusis
1653 1535 1722 1573 fiat
1746 1537 1914 1581 reflexio,

1176 1600 1214 1629 et
1238 1594 1364 1640 anguli
1389 1594 1610 1630 incidentiae
1633 1600 1671 1630 et
1698 1595 1913 1632 reflexionis

1174 1652 1247 1687 sint
1266 1651 1449 1697 aequales,
1467 1657 1614 1698 oportet
1632 1657 1671 1687 ut
1691 1653 1824 1689 radius
1839 1665 1866 1688 a
1870 1665 1913 1699 g,

1175 1709 1325 1754 quando
1336 1708 1543 1752 reflectitur,
1554 1709 1675 1745 minus
1688 1711 1810 1747 distet
1822 1723 1847 1747 a
1857 1712 1917 1746 via·

1176 1767 1401 1809 incidentiae,
1437 1773 1473 1802 et
1509 1767 1684 1813 majorem
1730 1770 1913 1814 angulum

1176 1824 1384 1860 reflexionis
1424 1825 1601 1871 relinquat
1635 1836 1752 1871 quam
1788 1827 1913 1863 radius

1175 1894 1253 1924 αις
1277 1893 1366 1929 ergo
1391 1893 1453 1928 ag
1474 1883 1597 1918 radius
1622 1882 1839 1920 reflectetur
1864 1886 1912 1920 ad

1176 1946 1353 1985 punctum
1383 1940 1552 1975 altiorem
1580 1940 1616 1975 in
1643 1941 1832 1978 diametro
1856 1942 1913 1978 ab

1175 2008 1287 2043 quam
1320 2009 1344 2033 a
1364 2009 1384 2033 c
1417 1998 1548 2033 radius.
1611 1997 1662 2034 Et
1689 1998 1819 2035 adhuc
1847 1999 1913 2035 ak

1176 2055 1299 2090 radius
1317 2054 1514 2091 reflectitur
1531 2054 1677 2090 inferius
1691 2066 1809 2101 quam
1836 2069 1913 2100 ac;

1177 2111 1248 2148 hoc
1281 2113 1377 2148 enim
1411 2112 1528 2158 exigit
1561 2113 1765 2158 aequalitas
1793 2125 1913 2160 angu-

1177 2168 1295 2205 lorum
1346 2169 1562 2205 incidentiae
1604 2176 1641 2205 et
1684 2170 1912 2208 reflexionis.

1178 2226 1229 2263 Et
1269 2227 1322 2263 sic
1363 2228 1400 2263 in
1446 2225 1519 2262 alio
1572 2228 1802 2265 semicirculo
1845 2243 1872 2266 a
1886 2231 1920 2276 s

633 2281 828 2318 reflectitur
852 2283 962 2319 altius
985 2294 1098 2330 quam
1120 2285 1192 2327 ad,
1219 2289 1256 2320 et
1282 2285 1348 2320 ad
1372 2284 1482 2320 altius
1512 2295 1623 2330 quam
1650 2296 1720 2331 aq.
1773 2285 1853 2322 Sed
1881 2288 1912 2324 si

631 2349 694 2385 ag
712 2345 748 2374 et
765 2351 789 2374 a
792 2340 829 2385 f
843 2340 917 2376 sint
939 2341 1122 2386 aequales,
1146 2349 1330 2388 ponantur
1349 2343 1412 2387 ita,
1434 2347 1473 2377 et
1496 2347 1583 2379 tunc
1606 2341 1842 2380 reflectentur
1864 2346 1913 2381 ad

632 2403 809 2442 punctum
833 2397 931 2432 idem
953 2398 989 2434 in
1013 2409 1096 2434 axe.
1149 2399 1247 2435 Nam
1268 2399 1391 2446 anguli
1412 2400 1631 2437 incidentiae
1647 2411 1742 2446 quos
1765 2400 1910 2438 faciunt

631 2459 717 2489 sunt
741 2455 937 2500 aequales;
963 2466 1052 2501 ergo
1068 2456 1193 2502 anguli
1220 2457 1436 2493 reflectionis
1458 2464 1544 2495 sunt
1569 2458 1767 2504 aequalem
1794 2470 1913 2506 quare

634 2511 755 2546 radius
773 2522 836 2558 go
861 2512 1019 2548 reflexus
1044 2525 1112 2549 nec
1138 2513 1219 2560 plus
1245 2525 1310 2550 nec
1337 2515 1455 2551 minus
1479 2515 1634 2552 distabit
1661 2527 1685 2551 a
1710 2515 1794 2551 loco
1820 2516 1912 2553 inci-

633 2569 780 2605 dentiae
809 2580 921 2615 quam
942 2570 1003 2616 fo
1033 2570 1214 2613 reflexus;
1244 2577 1282 2607 et
1311 2572 1394 2607 ideo
1422 2579 1570 2620 oportet
1594 2574 1694 2619 quod
1724 2573 1774 2609 ad
1807 2574 1909 2610 idem

633 2631 809 2672 punctum
835 2628 1004 2663 diametri
1023 2634 1221 2671 transeant,
1236 2629 1377 2665 scilicet
1401 2631 1449 2664 ad
1473 2642 1516 2673 ος
1542 2635 1579 2665 et
1604 2629 1773 2666 similiter
1788 2642 1848 2666 ac
1867 2632 1912 2667 'et

632 2682 697 2719 ad
709 2682 940 2721 reflectentur
956 2685 1004 2721 ad
1028 2685 1125 2721 idem
1147 2691 1334 2732 punctum,
1355 2687 1479 2733 posito
1495 2687 1594 2733 quod
1616 2687 1688 2723 sint
1710 2688 1911 2733 aequales3

632 2747 669 2777 et
692 2741 824 2777 eodem
842 2743 954 2779 modo
973 2755 998 2779 a
1009 2742 1034 2778 k
1049 2750 1088 2779 et
1110 2755 1135 2779 a
1147 2755 1181 2789 q,
1197 2744 1261 2789 qui
1277 2744 1415 2781 cadunt
1438 2745 1475 2780 in
1493 2744 1658 2782 terminis
1678 2745 1852 2782 diametri
1869 2752 1912 2783 et
