2350 3580
586 713 656 749 3¹4
749 728 759 740 .
821 705 997 739 OPERIS
1021 705 1232 746 MMORJS
1256 705 1385 739 PARS
1409 705 1630 740 SEPTIMA.

589 795 746 842 Scythia
761 800 800 832 et
817 800 918 832 totus
933 795 997 832 ille
1020 795 1176 831 set-amm
1196 795 1532 843 indomitarumque
1546 795 1713 842 gentium
1728 799 1871 832 tumn

589 854 758 890 civitates
800 852 968 890 Achaiae
1014 852 1174 890 Ponticis
1219 853 1422 904 impositas
1461 853 1647 890 littoribus
1691 858 1869 890 oetentat.

590 910 729 947 Totum
749 910 878 947 Italiae
895 908 1008 960 [latus
1023 911 1123 958 quod
1141 911 1256 947 insero
1281 911 1373 948 mari
1394 910 1554 948 adluitur
1580 910 1698 957 maior
1713 910 1872 948 Graecia

590 968 669 1010 fuit,
704 966 862 1018 Tuscos]
897 968 989 1005 Asia
1026 969 1095 1006 sibi
1127 969 1301 1005 vindicat.
1347 968 1453 1014 Tyrii
1485 968 1649 1006 Africam
1691 968 1870 1005 incolunt.

592 1026 636 1061 ln
670 1026 888 1073 Hispaniam
924 1026 1049 1068 Poeni,
1083 1025 1214 1062 Graeci
1247 1038 1290 1062 se
1320 1027 1359 1062 in
1392 1026 1552 1063 Galliam
1586 1026 1799 1067 intulerunt.
1833 1026 1872 1061 in

593 1083 783 1120 Graeciam
816 1083 923 1120 Galli.
976 1084 1186 1130 Pyremeus
1211 1083 1478 1120 Germanorum
1508 1084 1682 1120 transitus
1706 1093 1787 1120 non
1815 1083 1871 1119 in-

590 1142 722 1179 hibuit.
782 1141 852 1178 Per
883 1142 1072 1189 incognita
1102 1142 1263 1178 versavit
1294 1153 1335 1178 se
1367 1141 1530 1178 humana
1561 1141 1718 1179 levitas.
1735 1167 1745 1177 .
1763 1165 1774 1175 .
1789 1141 1871 1178 Alii

593 1198 706 1245 longo
732 1210 855 1236 errore
881 1199 1009 1245 jactati
1039 1210 1113 1234 non
1141 1199 1281 1245 judicio
1308 1199 1498 1245 elegerunt
1523 1198 1647 1235 locum
1669 1198 1735 1234 sed
1765 1197 1871 1234 lanei-

595 1257 725 1293 tudine
746 1282 758 1293 .
783 1282 795 1293 .
819 1283 829 1293 .
855 1257 952 1293 Illud
986 1255 1112 1303 utique
1145 1254 1382 1293 manifestum
1415 1261 1473 1292 at
1498 1257 1588 1292 nihil
1621 1256 1754 1292 eodem
1786 1251 1874 1292 loco

595 1314 773 1351 mansisse
790 1326 863 1361 quo
883 1315 1048 1362 genitum
1067 1320 1123 1350 eat
1138 1341 1148 1351 .
1166 1340 1174 1350 .
1194 1341 1203 1351 .
1223 1313 1365 1351 Omnes
1380 1319 1506 1350 autem
1532 1314 1626 1350 istae
1648 1311 1873 1360 populorum

595 1372 921 1419 transportationes
937 1372 1028 1419 quid
1043 1372 1144 1408 aliud
1161 1382 1274 1419 quam
1291 1371 1439 1420 publica
1454 1371 1567 1408 exilia
1585 1374 1696 1406 sunt?
1706 1369 1716 1384 ‘

410 1440 453 1467 Ad
644 1433 650 1447 ¹
665 1430 858 1466 Adversus
875 1430 991 1476 ipsam
1005 1431 1334 1466 commutationem
1352 1429 1514 1465 locorum
1530 1429 1703 1464 detractis
1719 1427 1875 1464 caeteris

410 1475 548 1549 ξῗξᾞ·
596 1487 839 1524 incommodis
872 1499 967 1532 quae
1001 1487 1114 1523 exilio
1143 1487 1343 1524 adhaerent
1372 1487 1463 1523 satis
1492 1487 1561 1523 boc
1587 1486 1737 1522 remedii
1765 1492 1874 1532 putat

594 1545 721 1587 Varro,
747 1545 980 1582 doctissimus
1018 1545 1289 1587 Romanorum,
1312 1545 1412 1591 quod
1452 1555 1671 1591 quocunque
1702 1545 1874 1579 venimus

595 1603 724 1638 eadem
741 1613 860 1638 rerum
883 1609 1012 1638 natura
1030 1603 1208 1638 utendum
1225 1608 1292 1638 est.
1343 1603 1394 1637 M.
1414 1602 1550 1637 Brutus
1572 1603 1661 1637 satis
1677 1602 1747 1637 hoc
1766 1606 1875 1648 putat

593 1661 695 1706 quod
728 1660 815 1696 licet
847 1661 883 1695 in
921 1661 1072 1695 exilium
1105 1660 1276 1696 euntibus
1310 1661 1459 1695 virtutes
1495 1670 1581 1695 suas
1612 1669 1736 1695 secum
1771 1658 1876 1695 ferre.

599 1717 706 1754 Haec
722 1713 869 1767 [etiam]
888 1717 917 1753 si
934 1717 1017 1764 quis
1034 1718 1179 1764 singula
1195 1728 1325 1764 parum
1341 1717 1485 1763 judicat
1502 1716 1662 1752 efficacia
1677 1717 1725 1752 ad
1743 1727 1875 1752 conso-

596 1774 746 1810 landum
772 1775 932 1818 exulem,
948 1781 1103 1820 utraque
1128 1776 1163 1810 in
1189 1786 1299 1811 unum
1324 1774 1457 1810 conata
1481 1773 1654 1810 fatebitur
1675 1774 1875 1820 plurimum

599 1844 717 1878 posse.
768 1832 997 1878 Quantulum
1031 1833 1130 1868 enim
1163 1838 1220 1868 est
1252 1833 1353 1878 quod
1389 1833 1643 1878 perdidimus?
1675 1832 1750 1867 duo
1780 1843 1880 1878 quae

597 1890 840 1936 pulcherrima
856 1896 942 1926 sunt
954 1900 1176 1936 quocunque
1190 1900 1256 1925 nos
1270 1891 1492 1926 moverimus
1503 1896 1723 1935 sequentur:
1747 1883 1880 1925 natura

598 1948 803 1984 communis
837 1953 875 1983 et
907 1948 1054 1994 propria
1088 1946 1225 1985 virtus!
1279 1947 1339 1984 Sic
1367 1958 1454 1983 vero
1488 1957 1605 1983 rerum
1639 1957 1880 1983 communem

600 2011 766 2040 naturam
779 2006 868 2040 dicit
879 2016 959 2042 esse
973 2007 984 2023 ⁸
994 2005 1168 2050 quicquid
1181 2005 1365 2051 optimum
1380 2010 1435 2039 eat
1448 2004 1461 2026 ¹
1478 2016 1488 2048 3
1506 2005 1543 2040 id
1556 2009 1664 2039 extra
1678 2004 1879 2039 humanam

599 2063 803 2108 potentiam
821 2062 919 2109 jacet
937 2075 946 2106 ;
971 2074 1037 2098 nec
1054 2062 1133 2098 dari
1150 2074 1219 2098 nec
1234 2062 1325 2108 eripi
1346 2068 1479 2109 potest.
1531 2061 1694 2098 Mundus
1714 2061 1786 2105 hic,
1803 2072 1880 2107 quo

599 2118 689 2156 nihil
707 2131 826 2166 neque
844 2119 963 2165 majus
981 2131 1099 2166 neque
1117 2120 1285 2156 ornatius
1303 2131 1423 2155 rerum
1435 2125 1566 2155 natura
1583 2120 1719 2165 genuit,
1732 2118 1880 2155 animus

599 2178 871 2223 contemplator
903 2177 1178 2222 admiratorque
1208 2178 1350 2216 mundi*
1376 2189 1461 2224 pars
1485 2177 1563 2221 ejus
1591 2176 1880 2222 magnificentie·

599 2237 692 2271 sima
719 2236 866 2282 propria
888 2236 994 2271 nohis
1017 2240 1054 2271 et
1077 2239 1256 2281 perpetua
1273 2240 1310 2270 et
1334 2235 1476 2270 tamdiu
1494 2235 1689 2271 nobiscum
1707 2245 1881 2270 mansura

599 2299 688 2329 sunt
712 2292 888 2339 quamdiu
914 2290 1019 2342 [ipsi]
1048 2292 1288 2328 manebimus.
1338 2292 1494 2328 Alacres
1525 2292 1649 2338 itaque
1686 2297 1725 2327 et
1756 2291 1884 2333 erecti,

599 2361 819 2397 quocunque
837 2361 892 2387 res
918 2349 1042 2387 tulerit
1065 2350 1249 2396 intrepido
1270 2350 1388 2396 gradu
1412 2360 1649 2396 properemus
1667 2376 1676 2384 .
1696 2376 1706 2384 .
1724 2373 1735 2383 .
1753 2348 1884 2385 Unde-

601 2419 757 2453 cumque
775 2419 824 2443 ex
843 2418 962 2453 aequo
979 2408 1026 2442 ad
1045 2407 1189 2443 coelum
1208 2407 1374 2453 dirigitur
1391 2407 1498 2448 acies,
1511 2407 1662 2453 paribus
1681 2406 1883 2443 intervallis

601 2467 728 2502 omnia
746 2467 870 2501 divina
887 2467 934 2500 ab
952 2464 1121 2500 omnibus
1138 2464 1308 2500 humanis
1325 2463 1485 2500 distant.³

416 2528 522 2563 Cnp.9.
652 2523 866 2569 ‘Angustus
890 2523 1034 2558 animus
1057 2528 1112 2558 est
1139 2533 1250 2568 quem
1274 2528 1419 2558 terrena
1444 2520 1653 2557 delectant'
1678 2547 1689 2556 .
1715 2547 1726 2555 .
1752 2548 1760 2558 .
1786 2522 1884 2558 sicut

604 2581 771 2629 superius
799 2586 855 2616 est
882 2581 1082 2626 allegatum
1117 2592 1164 2616 ex
1201 2581 1271 2617 hoc
1301 2580 1405 2615 libro.
1455 2579 1609 2615 'Brutus
1643 2580 1681 2614 in
1708 2590 1755 2614 eo
1787 2579 1884 2614 libro

604 2651 715 2685 quem
732 2640 778 2675 de
794 2639 930 2674 virtute
947 2639 1155 2684 composuit
1172 2639 1224 2673 ait
1241 2649 1281 2674 se
1299 2638 1515 2673 Marcellum
1532 2638 1666 2672 vidisse
1691 2635 1884 2682 Mytilenis

605 2696 830 2740 exulantem,
843 2702 881 2732 et
897 2702 1077 2742 quantum
1092 2697 1203 2732 modo
1225 2701 1354 2732 natura
1372 2695 1530 2731 hominIs
1543 2700 1729 2741 pateretur
1745 2694 1884 2730 beatis-

604 2754 697 2789 sitne
722 2753 917 2793 viventem.
948 2762 1068 2797 neque
1092 2762 1256 2796 unquam
1285 2751 1515 2797 cupidiorem
1542 2751 1719 2786 bonarum
1745 2751 1884 2785 artium

604 2822 717 2856 quarn
732 2810 795 2845 ino
812 2816 980 2857 tempore
999 2837 1006 2846 .
1026 2836 1033 2844 .
1052 2835 1061 2844 .
1079 2810 1233 2855 Adjicit,
1250 2810 1367 2844 visum
1387 2809 1458 2844 sibi
1478 2819 1518 2842 se
1538 2809 1655 2853 magis
1673 2807 1708 2842 in
1725 2806 1883 2843 exilium

605 2867 657 2903 ire
672 2867 830 2914 quisine
852 2866 917 2902 illo
937 2867 1117 2903 rediturus
1141 2871 1236 2902 esset
1253 2877 1365 2912 quam
1392 2864 1494 2901 illurn
1522 2865 1558 2900 in
1583 2864 1696 2900 exilio
1715 2863 1885 2912 relinqui.

679 2932 688 2948 ²
709 2932 806 2960 Baton
819 2932 890 2960 here
903 2932 1062 2960 condensi:
1074 2941 1092 2960 a
1104 2931 1266 2960 iomewhnt
1279 2928 1451 2966 pantheisu'c
1463 2938 1585 2965 passage
1597 2928 1630 2957 ol'
1638 2928 1685 2956 hin
1696 2928 1808 2958 author.
