2350 3580
607 516 677 552 514
908 506 1009 540 um„
1014 505 1199 539 TIPLICA
1204 504 1281 537 Tlo
1306 504 1593 538 SPECIERUM.

610 597 663 632 ita
678 595 779 642 quod
799 595 870 631 alia
886 595 1040 631 omnino
1056 595 1274 635 destruatur,
1290 599 1328 628 et
1346 592 1543 639 praecipue
1559 592 1600 628 in
1619 592 1754 628 medio
1776 604 1800 628 a
1823 592 1893 627 1000

611 654 800 701 mixtionis
821 654 869 688 ad
893 652 1050 695 oculum,
1069 652 1120 702 ita
1139 651 1240 696 quod
1261 656 1459 696 antequam
1479 651 1530 686 ad
1554 650 1749 696 pupillam
1771 651 1894 692 veniat,

609 716 842 746 convertatur
858 710 998 756 specioe
1014 720 1085 744 una
1102 709 1138 743 in
1151 707 1371 744 contrariam
1390 718 1456 753 per
1471 707 1662 743 actionem
1681 707 1893 743 naturalem.

613 768 664 803 Et
687 768 770 803 ideo
786 767 967 813 judicabit
989 767 1088 802 visus
1113 766 1160 801 de
1183 777 1220 801 re
1240 776 1313 800 una
1334 775 1400 811 per
1422 765 1583 812 speciem
1608 776 1742 807 unam,
1765 771 1830 801 aut
1851 765 1894 799 ita

611 824 743 861 fortem
759 825 858 871 quod
876 823 1121 859 occultabitur
1139 823 1289 868 reliqua.

659 881 772 928 Quod
796 893 882 917 vero
902 893 924 917 a
945 881 1028 916 loco
1051 880 1242 916 mixtionis
1264 880 1383 926 primo
1403 880 1529 916 veniat
1551 891 1629 914 una
1653 880 1805 925 species
1824 890 1893 926 per·

612 933 895 985 pendicularite'r
910 950 1022 984 super
1037 937 1172 973 lineam
1189 936 1442 984 principalem,
1458 943 1498 974 et
1513 937 1588 972 alia
1603 937 1893 978 accidentaliter.

613 996 849 1032 manifestum
878 1002 934 1032 est
963 1001 1113 1042 propter
1141 995 1253 1030 situm
1287 994 1383 1029 oculi
1416 1001 1583 1040 respectu
1613 995 1784 1030 duorum
1818 994 1893 1028 visi-

612 1054 740 1090 bilium
780 1054 1014 1096 diversorum,
1048 1058 1373 1098 quantumcunque
1408 1052 1616 1098 propinque
1651 1052 1703 1087 ad
1742 1052 1892 1087 invicem

612 1111 847 1147 collocantur.
906 1110 1087 1157 Quamvis
1130 1110 1228 1145 enim
1272 1109 1320 1144 ad
1362 1108 1482 1144 locum
1532 1109 1734 1144 mixtionis
1778 1110 1894 1144 veniat

1224 1167 1364 1212 species
1387 1178 1410 1201 a
1435 1166 1642 1208 visibilibus
1670 1178 1739 1213 per
1767 1167 1892 1202 lineam

1225 1223 1463 1271 principalem
1489 1230 1627 1260 rectam
1652 1224 1713 1259 vel
1745 1224 1892 1259 fractam

1170 1309 1176 1324 ,
1224 1282 1280 1317 vel
1301 1281 1488 1317 reflexam.
1504 1287 1631 1316 tamen
1652 1282 1706 1317 ab
1728 1281 1797 1316 illo
1818 1281 1893 1316 loeo

1225 1339 1375 1386 planum
1403 1344 1472 1381 est,
1503 1339 1605 1384 quod
1642 1349 1721 1374 una
1756 1339 1893 1385 species

1224 1408 1334 1444 super
1346 1396 1478 1432 lineam
1488 1396 1735 1442 principalem
1747 1396 1893 1432 alterius

1224 1465 1300 1490 non
1333 1454 1468 1489 incedit
1494 1454 1691 1500 principali
1722 1454 1893 1501 multipli-

1223 1512 1372 1547 catione
1388 1512 1454 1547 sed
1472 1511 1702 1555 accidentali,
1718 1513 1892 1557 quoniam

1227 1569 1345 1605 lineae
1374 1569 1594 1615 principales
1621 1569 1788 1606 duarum
1815 1580 1893 1616 spe·

1226 1628 1363 1662 cierum
1383 1627 1523 1668 vadunt
1542 1637 1608 1673 per
1628 1627 1711 1662 vias
1731 1627 1894 1662 diversas

1225 1690 1264 1719 et
1296 1685 1344 1719 ad
1378 1689 1515 1729 puncta
1541 1683 1688 1719 diversa
1717 1685 1830 1720 medii
1857 1690 1892 1719 et

1225 1741 1333 1782 oculi,
1369 1748 1407 1777 et
1444 1752 1633 1786 nunquam
1670 1746 1893 1778 concurrunt

1226 1799 1296 1834 nisi
1327 1810 1392 1844 per
1417 1798 1557 1844 aliquas
1584 1798 1812 1835 reflexiones
1839 1798 1892 1834 vel

1227 1856 1418 1893 fractiones
1431 1861 1649 1902 cogerentur
1664 1867 1892 1892 concurrere.

1227 1913 1301 1949 Sed
1327 1912 1422 1949 linea
1446 1913 1655 1960 principalis
1682 1914 1793 1950 unius
1815 1926 1893 1960 spe·

1226 1972 1436 2020 ciei'potest
1453 1972 1548 2007 bene
1571 1983 1790 2008 concurrere
1812 1983 1892 2008 cum

612 2028 708 2065 linea
732 2029 949 2065 accidentali
973 2029 1122 2065 alterius
1146 2040 1170 2063 a
1196 2029 1276 2064 loco
1301 2029 1494 2065 mixtionis
1519 2040 1634 2074 usque
1658 2030 1710 2064 ad
1738 2032 1892 2066 eandem

612 2093 755 2134 partem
789 2087 896 2128 oculi,
931 2093 968 2122 et
1001 2092 1088 2122 tunc
1121 2085 1178 2121 vel
1212 2093 1449 2123 consumetur
1480 2087 1619 2133 specioe
1653 2088 1894 2124 accidentalis

613 2156 678 2191 per
708 2144 954 2191 principalem,
982 2143 1040 2180 vel
1073 2155 1138 2190 per
1166 2143 1245 2189 ejus
1279 2143 1530 2180 fortitudinem
1563 2143 1826 2188 occultabitur,
1856 2150 1894 2180 ut

612 2208 714 2248 patet
741 2203 776 2238 in
802 2203 871 2237 hac
900 2202 1107 2238 lineatione.

661 2259 719 2296 Sit
732 2272 755 2295 a
770 2265 786 2295 t
800 2260 937 2301 oculus,
948 2271 968 2294 c
984 2265 1140 2305 punctus
1153 2271 1175 2294 a
1188 2270 1264 2305 quo
1277 2259 1417 2305 species
1429 2259 1529 2295 venit
1543 2260 1895 2305 perpendiculariter

612 2319 660 2354 ad
683 2318 828 2354 oculum
850 2329 959 2363 super
983 2317 1114 2353 lineam
1135 2329 1155 2352 c
1158 2318 1194 2363 s
1199 2316 1221 2356 ¹,
1239 2317 1323 2353 dico
1342 2318 1443 2362 quod
1468 2317 1504 2352 in
1522 2323 1662 2362 puncto
1677 2328 1712 2362 g
1730 2325 1790 2355 est
1809 2330 1893 2354 vera

614 2375 748 2411 mixtio
764 2375 927 2410 colorum
944 2386 1008 2410 seu
1026 2375 1228 2420 specierum
1247 2375 1471 2410 venientium
1489 2374 1539 2409 ab
1556 2374 1643 2420 ipsis
1661 2375 1682 2410 b
1699 2381 1740 2410 et
1756 2388 1777 2410 c
1791 2382 1830 2412 et
1846 2375 1893 2419 ‹1'3

611 2434 677 2468 sed
704 2433 754 2468 ab
784 2434 864 2478 ipso
885 2444 919 2477 g
947 2444 1018 2467 non
1048 2437 1103 2467 est
1134 2431 1393 2477 multiplicatio
1422 2432 1631 2477 principalis
1660 2433 1729 2467 nisi
1761 2434 1894 2480 speciei

611 2501 706 2535 quae
729 2491 826 2525 venit
847 2491 894 2525 ab
916 2491 997 2535 ipso
1015 2501 1043 2528 c,
1065 2495 1104 2525 et
1123 2490 1263 2535 species
1288 2490 1495 2535 principalis
1512 2490 1590 2525 sola
1613 2495 1739 2536 potest
1761 2491 1896 2527 ducere

612 2548 728 2583 visum
748 2548 784 2582 in
810 2549 859 2582 rei
881 2548 1128 2593 cognitionem
1156 2554 1194 2582 et
1212 2558 1285 2582 non
1302 2547 1550 2590 accidentalis,
1569 2554 1609 2582 ut
1627 2548 1730 2594 prius
1748 2549 1892 2585 dictum

611 2612 677 2641 est.
731 2605 809 2640 Nec
833 2605 1179 2651 perpendiculariter
1202 2605 1300 2640 venit
1322 2616 1344 2640 a
1364 2616 1402 2640 re
1421 2605 1511 2651 ipsa,
1530 2605 1594 2640 sed
1618 2605 1740 2641 solum
1767 2618 1790 2642 a
1813 2606 1895 2643 loco

844 1947 910 1974 Flo.
924 1946 970 1982 96.

645 2696 654 2713 ¹
674 2697 747 2731 Jebb
759 2698 812 2724 has
824 2697 870 2732 es.
907 2697 963 2724 His
975 2697 1109 2731 dingram,
1126 2696 1151 2723 Τ
1151 2697 1197 2723 ab.
1210 2697 1237 2723 ii.
1249 2705 1296 2731 34,
1312 2697 1336 2724 is
1351 2696 1502 2731 confused,
1517 2697 1565 2724 the
1581 2696 1682 2724 lettera
1700 2696 1719 2724 k
1736 2698 1797 2726 and
1817 2699 1831 2726 1
1844 2703 1896 2727 not

607 2741 696 2776 being
707 2742 806 2769 noted.
842 2740 905 2769 Tine
917 2741 1042 2776 disti-nm
1056 2741 1126 2768 here
1138 2741 1225 2775 given
1238 2740 1263 2768 ia
1276 2740 1349 2768 from
1364 2740 1440 2775 neg.
