<?xml version="1.0" encoding="UTF-8"?>
<!DOCTYPE html PUBLIC "-//W3C//DTD XHTML 1.0 Transitional//EN"
    "http://www.w3.org/TR/xhtml1/DTD/xhtml1-transitional.dtd">
<html xmlns="http://www.w3.org/1999/xhtml" xml:lang="en" lang="en">
 <head>
  <title>
</title>
<meta http-equiv="Content-Type" content="text/html;charset=utf-8" />
  <meta name='ocr-system' content='tesseract 3.04.00' />
  <meta name='ocr-capabilities' content='ocr_page ocr_carea ocr_par ocr_line ocrx_word'/>
</head>
<body>
  <div class='ocr_page' id='page_1' title='image "./opusmajusrogerb00bridgoog/opusmajusrogerb00bridgoog_0494.png"; bbox 0 0 2350 3580; ppageno 0'>
   <div class='ocr_carea' id='block_1_1' title="bbox 442 582 605 619">
    <p class='ocr_par' dir='ltr' id='par_1_1' title="bbox 442 582 605 619">
     <span class='ocr_line' id='line_1_1' title="bbox 442 582 605 619; baseline 0 -8"><span class='ocrx_word' id='word_1_1' title='bbox 442 582 588 619; x_wconf 69' lang='lat' dir='ltr'>vatic-ny</span> <span class='ocrx_word' id='word_1_2' title='bbox 596 590 605 616; x_wconf 72' lang='grc' dir='ltr'>ς</span> 
     </span>
    </p>
   </div>
   <div class='ocr_carea' id='block_1_2' title="bbox 442 619 593 693">
    <p class='ocr_par' dir='ltr' id='par_1_2' title="bbox 442 619 593 693">
     <span class='ocr_line' id='line_1_2' title="bbox 442 619 593 693; baseline 0 -9"><span class='ocrx_word' id='word_1_3' title='bbox 442 619 593 693; x_wconf 54' lang='lat' dir='ltr'>xiim„</span> 
     </span>
    </p>
   </div>
   <div class='ocr_carea' id='block_1_3' title="bbox 627 479 1597 524">
    <p class='ocr_par' dir='ltr' id='par_1_3' title="bbox 627 479 1597 524">
     <span class='ocr_line' id='line_1_3' title="bbox 627 479 1597 524; baseline -0.003 -7"><span class='ocrx_word' id='word_1_4' title='bbox 627 479 696 524; x_wconf 61' lang='lat'>4182</span> <span class='ocrx_word' id='word_1_5' title='bbox 917 482 1017 516; x_wconf 72' lang='lat' dir='ltr'>MUL</span> <span class='ocrx_word' id='word_1_6' title='bbox 1024 482 1205 516; x_wconf 80' lang='lat' dir='ltr'><em>TIPLICA</em></span> <span class='ocrx_word' id='word_1_7' title='bbox 1211 482 1242 515; x_wconf 80' lang='lat' dir='ltr'><em>T</em></span> <span class='ocrx_word' id='word_1_8' title='bbox 1236 482 1289 515; x_wconf 84' lang='lat'>10</span> <span class='ocrx_word' id='word_1_9' title='bbox 1314 481 1597 516; x_wconf 72' lang='lat' dir='ltr'><em>SPECIERUM.</em></span> 
     </span>
    </p>
   </div>
   <div class='ocr_carea' id='block_1_4' title="bbox 628 572 1925 1942">
    <p class='ocr_par' dir='ltr' id='par_1_4' title="bbox 628 572 1925 1942">
     <span class='ocr_line' id='line_1_4' title="bbox 629 572 1923 620; baseline -0.002 -11"><span class='ocrx_word' id='word_1_10' title='bbox 629 574 810 620; x_wconf 87' lang='lat' dir='ltr'>obliquos,</span> <span class='ocrx_word' id='word_1_11' title='bbox 825 578 863 608; x_wconf 93' lang='lat' dir='ltr'>et</span> <span class='ocrx_word' id='word_1_12' title='bbox 879 573 1032 619; x_wconf 85' lang='lat' dir='ltr'>quidam</span> <span class='ocrx_word' id='word_1_13' title='bbox 1052 573 1187 608; x_wconf 80' lang='lat' dir='ltr'>cadunt</span> <span class='ocrx_word' id='word_1_14' title='bbox 1197 573 1245 608; x_wconf 86' lang='lat' dir='ltr'>ad</span> <span class='ocrx_word' id='word_1_15' title='bbox 1259 573 1414 620; x_wconf 87' lang='lat' dir='ltr'>angulos</span> <span class='ocrx_word' id='word_1_16' title='bbox 1424 572 1544 608; x_wconf 73' lang='lat' dir='ltr'>recfos</span> <span class='ocrx_word' id='word_1_17' title='bbox 1558 577 1598 607; x_wconf 91' lang='lat' dir='ltr'>et</span> <span class='ocrx_word' id='word_1_18' title='bbox 1615 573 1667 608; x_wconf 89' lang='lat' dir='ltr'>ad</span> <span class='ocrx_word' id='word_1_19' title='bbox 1687 577 1819 608; x_wconf 82' lang='lat' dir='ltr'>rectos</span> <span class='ocrx_word' id='word_1_20' title='bbox 1836 582 1923 607; x_wconf 88' lang='lat' dir='ltr'>con-</span> 
     </span>
     <span class='ocr_line' id='line_1_5' title="bbox 628 629 1923 677; baseline -0.001 -11"><span class='ocrx_word' id='word_1_21' title='bbox 628 636 832 672; x_wconf 84' lang='lat' dir='ltr'>vertuntur,</span> <span class='ocrx_word' id='word_1_22' title='bbox 844 636 885 667; x_wconf 89' lang='lat' dir='ltr'>ut</span> <span class='ocrx_word' id='word_1_23' title='bbox 895 631 985 667; x_wconf 86' lang='lat' dir='ltr'>dicit</span> <span class='ocrx_word' id='word_1_24' title='bbox 998 636 1127 667; x_wconf 77' lang='lat' dir='ltr'>auctor</span> <span class='ocrx_word' id='word_1_25' title='bbox 1139 630 1223 670; x_wconf 81' lang='lat' dir='ltr'>libri</span> <span class='ocrx_word' id='word_1_26' title='bbox 1234 631 1282 667; x_wconf 89' lang='lat' dir='ltr'>de</span> <span class='ocrx_word' id='word_1_27' title='bbox 1295 630 1463 677; x_wconf 87' lang='lat' dir='ltr'>Speculis</span> <span class='ocrx_word' id='word_1_28' title='bbox 1476 630 1820 673; x_wconf 87' lang='lat' dir='ltr'>Comburentibus,</span> <span class='ocrx_word' id='word_1_29' title='bbox 1834 629 1923 676; x_wconf 83' lang='lat' dir='ltr'>figu-</span> 
     </span>
     <span class='ocr_line' id='line_1_6' title="bbox 629 687 1924 734; baseline -0.001 -11"><span class='ocrx_word' id='word_1_30' title='bbox 629 689 747 725; x_wconf 88' lang='lat' dir='ltr'>rando</span> <span class='ocrx_word' id='word_1_31' title='bbox 772 700 838 734; x_wconf 87' lang='lat' dir='ltr'>per</span> <span class='ocrx_word' id='word_1_32' title='bbox 859 689 1000 723; x_wconf 83' lang='lat' dir='ltr'>radium</span> <span class='ocrx_word' id='word_1_33' title='bbox 1018 699 1232 725; x_wconf 85' lang='lat' dir='ltr'>conversum</span> <span class='ocrx_word' id='word_1_34' title='bbox 1248 688 1345 725; x_wconf 88' lang='lat' dir='ltr'>duos</span> <span class='ocrx_word' id='word_1_35' title='bbox 1361 687 1515 734; x_wconf 85' lang='lat' dir='ltr'>angulos</span> <span class='ocrx_word' id='word_1_36' title='bbox 1533 693 1669 731; x_wconf 85' lang='lat' dir='ltr'>rectos,</span> <span class='ocrx_word' id='word_1_37' title='bbox 1679 689 1779 734; x_wconf 87' lang='lat' dir='ltr'>quia</span> <span class='ocrx_word' id='word_1_38' title='bbox 1799 688 1924 724; x_wconf 86' lang='lat' dir='ltr'>radius</span> 
     </span>
     <span class='ocr_line' id='line_1_7' title="bbox 628 745 1925 791; baseline 0 -10"><span class='ocrx_word' id='word_1_39' title='bbox 628 756 824 782; x_wconf 86' lang='lat' dir='ltr'>conversus</span> <span class='ocrx_word' id='word_1_40' title='bbox 841 746 1005 782; x_wconf 88' lang='lat' dir='ltr'>continet</span> <span class='ocrx_word' id='word_1_41' title='bbox 1018 757 1101 781; x_wconf 90' lang='lat' dir='ltr'>cum</span> <span class='ocrx_word' id='word_1_42' title='bbox 1120 746 1227 790; x_wconf 88' lang='lat' dir='ltr'>linea,</span> <span class='ocrx_word' id='word_1_43' title='bbox 1239 757 1335 791; x_wconf 88' lang='lat' dir='ltr'>quae</span> <span class='ocrx_word' id='word_1_44' title='bbox 1350 750 1407 782; x_wconf 86' lang='lat' dir='ltr'>est</span> <span class='ocrx_word' id='word_1_45' title='bbox 1423 746 1585 782; x_wconf 79' lang='lat' dir='ltr'>directae</span> <span class='ocrx_word' id='word_1_46' title='bbox 1596 745 1820 781; x_wconf 87' lang='lat' dir='ltr'>communis</span> <span class='ocrx_word' id='word_1_47' title='bbox 1833 745 1925 781; x_wconf 80' lang='lat' dir='ltr'>inter</span> 
     </span>
     <span class='ocr_line' id='line_1_8' title="bbox 629 802 1924 849; baseline -0.002 -10"><span class='ocrx_word' id='word_1_48' title='bbox 629 803 861 849; x_wconf 83' lang='lat' dir='ltr'>superficiem</span> <span class='ocrx_word' id='word_1_49' title='bbox 885 803 1043 839; x_wconf 89' lang='lat' dir='ltr'>duarum</span> <span class='ocrx_word' id='word_1_50' title='bbox 1064 802 1241 838; x_wconf 88' lang='lat' dir='ltr'>linearum</span> <span class='ocrx_word' id='word_1_51' title='bbox 1264 815 1359 849; x_wconf 88' lang='lat' dir='ltr'>quae</span> <span class='ocrx_word' id='word_1_52' title='bbox 1383 808 1468 839; x_wconf 88' lang='lat' dir='ltr'>sunt</span> <span class='ocrx_word' id='word_1_53' title='bbox 1494 802 1616 838; x_wconf 82' lang='lat' dir='ltr'>radius</span> <span class='ocrx_word' id='word_1_54' title='bbox 1641 813 1862 843; x_wconf 79' lang='lat' dir='ltr'>conversus,</span> <span class='ocrx_word' id='word_1_55' title='bbox 1887 807 1924 838; x_wconf 91' lang='lat' dir='ltr'>et</span> 
     </span>
     <span class='ocr_line' id='line_1_9' title="bbox 630 856 1924 908; baseline -0.001 -11"><span class='ocrx_word' id='word_1_56' title='bbox 630 861 725 897; x_wconf 86' lang='lat' dir='ltr'>inter</span> <span class='ocrx_word' id='word_1_57' title='bbox 737 861 965 907; x_wconf 79' lang='lat' dir='ltr'>superficiem</span> <span class='ocrx_word' id='word_1_58' title='bbox 982 856 1130 907; x_wconf 78' lang='lat' dir='ltr'>planam</span> <span class='ocrx_word' id='word_1_59' title='bbox 1140 872 1236 906; x_wconf 84' lang='lat' dir='ltr'>quae</span> <span class='ocrx_word' id='word_1_60' title='bbox 1247 867 1303 897; x_wconf 79' lang='lat' dir='ltr'>est</span> <span class='ocrx_word' id='word_1_61' title='bbox 1317 860 1527 908; x_wconf 86' lang='lat' dir='ltr'>superficies</span> <span class='ocrx_word' id='word_1_62' title='bbox 1538 860 1683 906; x_wconf 83' lang='lat' dir='ltr'>speculi</span> <span class='ocrx_word' id='word_1_63' title='bbox 1694 859 1785 908; x_wconf 82' lang='lat' dir='ltr'>(aut</span> <span class='ocrx_word' id='word_1_64' title='bbox 1798 871 1924 906; x_wconf 83' lang='lat' dir='ltr'>super-</span> 
     </span>
     <span class='ocr_line' id='line_1_10' title="bbox 629 917 1925 965; baseline 0 -12"><span class='ocrx_word' id='word_1_65' title='bbox 629 918 731 954; x_wconf 85' lang='lat' dir='ltr'>ficies</span> <span class='ocrx_word' id='word_1_66' title='bbox 753 919 1009 964; x_wconf 85' lang='lat' dir='ltr'>contingentes</span> <span class='ocrx_word' id='word_1_67' title='bbox 1028 917 1179 964; x_wconf 85' lang='lat' dir='ltr'>specula</span> <span class='ocrx_word' id='word_1_68' title='bbox 1198 929 1358 954; x_wconf 84' lang='lat' dir='ltr'>concava</span> <span class='ocrx_word' id='word_1_69' title='bbox 1382 923 1422 953; x_wconf 89' lang='lat' dir='ltr'>et</span> <span class='ocrx_word' id='word_1_70' title='bbox 1445 917 1626 964; x_wconf 81' lang='lat' dir='ltr'>gibbosa),</span> <span class='ocrx_word' id='word_1_71' title='bbox 1645 918 1747 954; x_wconf 84' lang='lat' dir='ltr'>duos</span> <span class='ocrx_word' id='word_1_72' title='bbox 1765 918 1925 965; x_wconf 75' lang='lat' dir='ltr'>angulos</span> 
     </span>
     <span class='ocr_line' id='line_1_11' title="bbox 631 974 1924 1023; baseline 0.002 -13"><span class='ocrx_word' id='word_1_73' title='bbox 631 974 832 1022; x_wconf 46' lang='lat' dir='ltr'>aequales&amp;</span> <span class='ocrx_word' id='word_1_74' title='bbox 882 975 1043 1020; x_wconf 83' lang='lat' dir='ltr'>Quando</span> <span class='ocrx_word' id='word_1_75' title='bbox 1073 975 1182 1022; x_wconf 88' lang='lat' dir='ltr'>igitur</span> <span class='ocrx_word' id='word_1_76' title='bbox 1206 976 1303 1012; x_wconf 87' lang='lat' dir='ltr'>cadit</span> <span class='ocrx_word' id='word_1_77' title='bbox 1329 976 1453 1012; x_wconf 86' lang='lat' dir='ltr'>radius</span> <span class='ocrx_word' id='word_1_78' title='bbox 1476 976 1524 1011; x_wconf 89' lang='lat' dir='ltr'>ad</span> <span class='ocrx_word' id='word_1_79' title='bbox 1551 975 1710 1022; x_wconf 84' lang='lat' dir='ltr'>angulos</span> <span class='ocrx_word' id='word_1_80' title='bbox 1734 976 1924 1023; x_wconf 71' lang='lat' dir='ltr'>obliquos,</span> 
     </span>
     <span class='ocr_line' id='line_1_12' title="bbox 632 1031 1925 1078; baseline -0.001 -11"><span class='ocrx_word' id='word_1_81' title='bbox 632 1037 719 1067; x_wconf 86' lang='lat' dir='ltr'>tunc</span> <span class='ocrx_word' id='word_1_82' title='bbox 734 1031 890 1078; x_wconf 86' lang='lat' dir='ltr'>angulus</span> <span class='ocrx_word' id='word_1_83' title='bbox 908 1031 1128 1067; x_wconf 86' lang='lat' dir='ltr'>incidentiae</span> <span class='ocrx_word' id='word_1_84' title='bbox 1143 1036 1296 1067; x_wconf 84' lang='lat' dir='ltr'>vocatur</span> <span class='ocrx_word' id='word_1_85' title='bbox 1313 1032 1382 1068; x_wconf 82' lang='lat' dir='ltr'>iste</span> <span class='ocrx_word' id='word_1_86' title='bbox 1397 1031 1461 1077; x_wconf 88' lang='lat' dir='ltr'>qui</span> <span class='ocrx_word' id='word_1_87' title='bbox 1482 1036 1538 1067; x_wconf 66' lang='lat' dir='ltr'>est</span> <span class='ocrx_word' id='word_1_88' title='bbox 1552 1037 1698 1076; x_wconf 84' lang='lat' dir='ltr'>acutus,</span> <span class='ocrx_word' id='word_1_89' title='bbox 1715 1038 1757 1068; x_wconf 83' lang='lat' dir='ltr'>et</span> <span class='ocrx_word' id='word_1_90' title='bbox 1776 1043 1802 1067; x_wconf 90' lang='lat' dir='ltr'>a</span> <span class='ocrx_word' id='word_1_91' title='bbox 1819 1037 1925 1078; x_wconf 81' lang='lat' dir='ltr'>parte</span> 
     </span>
     <span class='ocr_line' id='line_1_13' title="bbox 630 1087 1922 1135; baseline -0.001 -11"><span class='ocrx_word' id='word_1_92' title='bbox 630 1088 754 1134; x_wconf 86' lang='lat' dir='ltr'>anguli</span> <span class='ocrx_word' id='word_1_93' title='bbox 778 1088 903 1124; x_wconf 88' lang='lat' dir='ltr'>obtusi</span> <span class='ocrx_word' id='word_1_94' title='bbox 929 1087 972 1123; x_wconf 84' lang='lat' dir='ltr'>fit</span> <span class='ocrx_word' id='word_1_95' title='bbox 996 1087 1148 1124; x_wconf 87' lang='lat' dir='ltr'>reflexio</span> <span class='ocrx_word' id='word_1_96' title='bbox 1172 1089 1376 1124; x_wconf 85' lang='lat' dir='ltr'>secundum</span> <span class='ocrx_word' id='word_1_97' title='bbox 1399 1089 1645 1135; x_wconf 80' lang='lat' dir='ltr'>quantitatem</span> <span class='ocrx_word' id='word_1_98' title='bbox 1671 1088 1808 1135; x_wconf 84' lang='lat' dir='ltr'>anguli</span> <span class='ocrx_word' id='word_1_99' title='bbox 1834 1089 1922 1125; x_wconf 88' lang='lat' dir='ltr'>inci·</span> 
     </span>
     <span class='ocr_line' id='line_1_14' title="bbox 631 1145 1923 1194; baseline 0.001 -14"><span class='ocrx_word' id='word_1_100' title='bbox 631 1145 790 1190; x_wconf 83' lang='lat' dir='ltr'>dentiae,</span> <span class='ocrx_word' id='word_1_101' title='bbox 814 1145 866 1181; x_wconf 89' lang='lat' dir='ltr'>ita</span> <span class='ocrx_word' id='word_1_102' title='bbox 889 1146 989 1190; x_wconf 90' lang='lat' dir='ltr'>quod</span> <span class='ocrx_word' id='word_1_103' title='bbox 1015 1145 1078 1180; x_wconf 89' lang='lat' dir='ltr'>illa</span> <span class='ocrx_word' id='word_1_104' title='bbox 1105 1157 1189 1191; x_wconf 86' lang='lat' dir='ltr'>pars</span> <span class='ocrx_word' id='word_1_105' title='bbox 1213 1147 1337 1194; x_wconf 80' lang='lat' dir='ltr'>anguli</span> <span class='ocrx_word' id='word_1_106' title='bbox 1361 1147 1485 1182; x_wconf 88' lang='lat' dir='ltr'>obtusi</span> <span class='ocrx_word' id='word_1_107' title='bbox 1510 1157 1607 1191; x_wconf 86' lang='lat' dir='ltr'>quae</span> <span class='ocrx_word' id='word_1_108' title='bbox 1629 1153 1835 1193; x_wconf 80' lang='lat' dir='ltr'>separatur</span> <span class='ocrx_word' id='word_1_109' title='bbox 1858 1157 1923 1194; x_wconf 85' lang='lat' dir='ltr'>per</span> 
     </span>
     <span class='ocr_line' id='line_1_15' title="bbox 632 1202 1922 1250; baseline 0.001 -12"><span class='ocrx_word' id='word_1_110' title='bbox 632 1204 767 1239; x_wconf 86' lang='lat' dir='ltr'>lineam</span> <span class='ocrx_word' id='word_1_111' title='bbox 788 1202 973 1245; x_wconf 81' lang='lat' dir='ltr'>reflexam,</span> <span class='ocrx_word' id='word_1_112' title='bbox 989 1209 1027 1238; x_wconf 85' lang='lat' dir='ltr'>et</span> <span class='ocrx_word' id='word_1_113' title='bbox 1052 1202 1148 1239; x_wconf 90' lang='lat' dir='ltr'>linea</span> <span class='ocrx_word' id='word_1_114' title='bbox 1172 1214 1269 1249; x_wconf 82' lang='lat' dir='ltr'>quae</span> <span class='ocrx_word' id='word_1_115' title='bbox 1291 1209 1347 1240; x_wconf 58' lang='lat' dir='ltr'>est</span> <span class='ocrx_word' id='word_1_116' title='bbox 1367 1204 1572 1240; x_wconf 88' lang='lat' dir='ltr'>communis</span> <span class='ocrx_word' id='word_1_117' title='bbox 1596 1204 1764 1240; x_wconf 83' lang='lat' dir='ltr'>directae</span> <span class='ocrx_word' id='word_1_118' title='bbox 1783 1205 1834 1241; x_wconf 89' lang='lat' dir='ltr'>de</span> <span class='ocrx_word' id='word_1_119' title='bbox 1849 1215 1922 1250; x_wconf 83' lang='lat' dir='ltr'>qua</span> 
     </span>
     <span class='ocr_line' id='line_1_16' title="bbox 632 1260 1920 1306; baseline 0 -10"><span class='ocrx_word' id='word_1_120' title='bbox 632 1261 773 1297; x_wconf 88' lang='lat' dir='ltr'>dictum</span> <span class='ocrx_word' id='word_1_121' title='bbox 798 1266 865 1304; x_wconf 85' lang='lat' dir='ltr'>est,</span> <span class='ocrx_word' id='word_1_122' title='bbox 888 1266 944 1296; x_wconf 87' lang='lat' dir='ltr'>est</span> <span class='ocrx_word' id='word_1_123' title='bbox 967 1260 1124 1306; x_wconf 84' lang='lat' dir='ltr'>angulus</span> <span class='ocrx_word' id='word_1_124' title='bbox 1151 1260 1369 1297; x_wconf 87' lang='lat' dir='ltr'>reflexionis.</span> <span class='ocrx_word' id='word_1_125' title='bbox 1423 1261 1474 1297; x_wconf 87' lang='lat' dir='ltr'>Et</span> <span class='ocrx_word' id='word_1_126' title='bbox 1489 1261 1542 1297; x_wconf 89' lang='lat' dir='ltr'>sic</span> <span class='ocrx_word' id='word_1_127' title='bbox 1563 1261 1660 1298; x_wconf 85' lang='lat' dir='ltr'>linea</span> <span class='ocrx_word' id='word_1_128' title='bbox 1685 1262 1862 1298; x_wconf 87' lang='lat' dir='ltr'>incidens</span> <span class='ocrx_word' id='word_1_129' title='bbox 1882 1266 1920 1297; x_wconf 90' lang='lat' dir='ltr'>et</span> 
     </span>
     <span class='ocr_line' id='line_1_17' title="bbox 632 1317 1918 1361; baseline 0.001 -8"><span class='ocrx_word' id='word_1_130' title='bbox 632 1318 727 1353; x_wconf 63' lang='lat' dir='ltr'>linea</span> <span class='ocrx_word' id='word_1_131' title='bbox 744 1318 887 1354; x_wconf 87' lang='lat' dir='ltr'>rediens</span> <span class='ocrx_word' id='word_1_132' title='bbox 903 1323 989 1353; x_wconf 88' lang='lat' dir='ltr'>sunt</span> <span class='ocrx_word' id='word_1_133' title='bbox 1005 1317 1169 1352; x_wconf 86' lang='lat' dir='ltr'>diversae</span> <span class='ocrx_word' id='word_1_134' title='bbox 1189 1323 1227 1353; x_wconf 91' lang='lat' dir='ltr'>et</span> <span class='ocrx_word' id='word_1_135' title='bbox 1251 1318 1287 1354; x_wconf 90' lang='lat' dir='ltr'>in</span> <span class='ocrx_word' id='word_1_136' title='bbox 1309 1318 1464 1354; x_wconf 82' lang='lat' dir='ltr'>diversis</span> <span class='ocrx_word' id='word_1_137' title='bbox 1480 1317 1570 1354; x_wconf 89' lang='lat' dir='ltr'>locis</span> <span class='ocrx_word' id='word_1_138' title='bbox 1591 1318 1698 1361; x_wconf 84' lang='lat' dir='ltr'>sitae,</span> <span class='ocrx_word' id='word_1_139' title='bbox 1722 1318 1760 1353; x_wconf 86' lang='lat' dir='ltr'>in</span> <span class='ocrx_word' id='word_1_140' title='bbox 1785 1318 1918 1355; x_wconf 83' lang='lat' dir='ltr'>eadem</span> 
     </span>
     <span class='ocr_line' id='line_1_18' title="bbox 633 1374 1918 1422; baseline 0.001 -11"><span class='ocrx_word' id='word_1_141' title='bbox 633 1381 757 1411; x_wconf 86' lang='lat' dir='ltr'>tamen</span> <span class='ocrx_word' id='word_1_142' title='bbox 783 1374 985 1420; x_wconf 86' lang='lat' dir='ltr'>superficie,</span> <span class='ocrx_word' id='word_1_143' title='bbox 1010 1380 1048 1411; x_wconf 91' lang='lat' dir='ltr'>et</span> <span class='ocrx_word' id='word_1_144' title='bbox 1074 1375 1304 1411; x_wconf 88' lang='lat' dir='ltr'>constituunt</span> <span class='ocrx_word' id='word_1_145' title='bbox 1329 1386 1440 1412; x_wconf 89' lang='lat' dir='ltr'>unam</span> <span class='ocrx_word' id='word_1_146' title='bbox 1466 1375 1602 1411; x_wconf 85' lang='lat' dir='ltr'>lineam</span> <span class='ocrx_word' id='word_1_147' title='bbox 1627 1375 1803 1419; x_wconf 82' lang='lat' dir='ltr'>totalem,</span> <span class='ocrx_word' id='word_1_148' title='bbox 1823 1387 1918 1422; x_wconf 88' lang='lat' dir='ltr'>quae</span> 
     </span>
     <span class='ocr_line' id='line_1_19' title="bbox 633 1431 1919 1478; baseline 0.002 -10"><span class='ocrx_word' id='word_1_149' title='bbox 633 1434 682 1469; x_wconf 87' lang='lat' dir='ltr'>ab</span> <span class='ocrx_word' id='word_1_150' title='bbox 710 1438 860 1468; x_wconf 87' lang='lat' dir='ltr'>auctore</span> <span class='ocrx_word' id='word_1_151' title='bbox 891 1432 973 1467; x_wconf 84' lang='lat' dir='ltr'>libri</span> <span class='ocrx_word' id='word_1_152' title='bbox 998 1434 1045 1469; x_wconf 89' lang='lat' dir='ltr'>de</span> <span class='ocrx_word' id='word_1_153' title='bbox 1074 1431 1244 1478; x_wconf 82' lang='lat' dir='ltr'>speculis</span> <span class='ocrx_word' id='word_1_154' title='bbox 1274 1433 1583 1469; x_wconf 86' lang='lat' dir='ltr'>Comburentibus</span> <span class='ocrx_word' id='word_1_155' title='bbox 1607 1439 1763 1469; x_wconf 82' lang='lat' dir='ltr'>vocatur</span> <span class='ocrx_word' id='word_1_156' title='bbox 1793 1435 1919 1470; x_wconf 82' lang='lat' dir='ltr'>radius</span> 
     </span>
     <span class='ocr_line' id='line_1_20' title="bbox 1182 1493 1917 1539; baseline 0.003 -12"><span class='ocrx_word' id='word_1_157' title='bbox 1182 1502 1403 1533; x_wconf 73' lang='lat' dir='ltr'>conversus:</span> <span class='ocrx_word' id='word_1_158' title='bbox 1438 1493 1609 1538; x_wconf 86' lang='lat' dir='ltr'>quamvis</span> <span class='ocrx_word' id='word_1_159' title='bbox 1641 1499 1678 1528; x_wconf 86' lang='lat' dir='ltr'>et</span> <span class='ocrx_word' id='word_1_160' title='bbox 1713 1493 1797 1538; x_wconf 87' lang='lat' dir='ltr'>ejus</span> <span class='ocrx_word' id='word_1_161' title='bbox 1834 1504 1917 1539; x_wconf 82' lang='lat' dir='ltr'>pars</span> 
     </span>
     <span class='ocr_line' id='line_1_21' title="bbox 1184 1549 1918 1597; baseline -0.001 -11"><span class='ocrx_word' id='word_1_162' title='bbox 1184 1561 1255 1586; x_wconf 87' lang='lat' dir='ltr'>una</span> <span class='ocrx_word' id='word_1_163' title='bbox 1273 1561 1369 1596; x_wconf 87' lang='lat' dir='ltr'>quae</span> <span class='ocrx_word' id='word_1_164' title='bbox 1384 1562 1408 1586; x_wconf 93' lang='lat' dir='ltr'>a</span> <span class='ocrx_word' id='word_1_165' title='bbox 1423 1549 1615 1597; x_wconf 84' lang='lat' dir='ltr'>superficie</span> <span class='ocrx_word' id='word_1_166' title='bbox 1637 1550 1781 1596; x_wconf 81' lang='lat' dir='ltr'>speculi</span> <span class='ocrx_word' id='word_1_167' title='bbox 1801 1551 1918 1586; x_wconf 86' lang='lat' dir='ltr'>oritur</span> 
     </span>
     <span class='ocr_line' id='line_1_22' title="bbox 1183 1607 1915 1654; baseline 0 -11"><span class='ocrx_word' id='word_1_168' title='bbox 1183 1612 1337 1643; x_wconf 83' lang='lat' dir='ltr'>vocetur</span> <span class='ocrx_word' id='word_1_169' title='bbox 1375 1609 1522 1654; x_wconf 84' lang='lat' dir='ltr'>proprie</span> <span class='ocrx_word' id='word_1_170' title='bbox 1562 1607 1700 1643; x_wconf 84' lang='lat' dir='ltr'>reflexa</span> <span class='ocrx_word' id='word_1_171' title='bbox 1733 1607 1795 1643; x_wconf 91' lang='lat' dir='ltr'>vel</span> <span class='ocrx_word' id='word_1_172' title='bbox 1829 1619 1915 1645; x_wconf 87' lang='lat' dir='ltr'>con-</span> 
     </span>
     <span class='ocr_line' id='line_1_23' title="bbox 1183 1665 1918 1711; baseline 0.001 -10"><span class='ocrx_word' id='word_1_173' title='bbox 1183 1676 1298 1705; x_wconf 79' lang='lat' dir='ltr'>versa,</span> <span class='ocrx_word' id='word_1_174' title='bbox 1314 1670 1353 1701; x_wconf 91' lang='lat' dir='ltr'>et</span> <span class='ocrx_word' id='word_1_175' title='bbox 1367 1665 1441 1701; x_wconf 83' lang='lat' dir='ltr'>alia</span> <span class='ocrx_word' id='word_1_176' title='bbox 1453 1676 1549 1711; x_wconf 90' lang='lat' dir='ltr'>quae</span> <span class='ocrx_word' id='word_1_177' title='bbox 1561 1676 1584 1701; x_wconf 85' lang='lat' dir='ltr'>a</span> <span class='ocrx_word' id='word_1_178' title='bbox 1596 1677 1635 1701; x_wconf 92' lang='lat' dir='ltr'>re</span> <span class='ocrx_word' id='word_1_179' title='bbox 1647 1665 1750 1701; x_wconf 89' lang='lat' dir='ltr'>venit</span> <span class='ocrx_word' id='word_1_180' title='bbox 1763 1671 1918 1702; x_wconf 83' lang='lat' dir='ltr'>vocetur</span> 
     </span>
     <span class='ocr_line' id='line_1_24' title="bbox 1185 1722 1917 1769; baseline 0.003 -12"><span class='ocrx_word' id='word_1_181' title='bbox 1185 1722 1332 1769; x_wconf 84' lang='lat' dir='ltr'>proprie</span> <span class='ocrx_word' id='word_1_182' title='bbox 1359 1723 1532 1758; x_wconf 88' lang='lat' dir='ltr'>incidens.</span> <span class='ocrx_word' id='word_1_183' title='bbox 1594 1722 1645 1758; x_wconf 87' lang='lat' dir='ltr'>Et</span> <span class='ocrx_word' id='word_1_184' title='bbox 1671 1722 1763 1758; x_wconf 86' lang='lat' dir='ltr'>dicit</span> <span class='ocrx_word' id='word_1_185' title='bbox 1794 1722 1917 1759; x_wconf 88' lang='lat' dir='ltr'>Ptole-</span> 
     </span>
     <span class='ocr_line' id='line_1_25' title="bbox 1184 1780 1916 1827; baseline 0.003 -12"><span class='ocrx_word' id='word_1_186' title='bbox 1184 1791 1310 1815; x_wconf 83' lang='lat' dir='ltr'>maeus</span> <span class='ocrx_word' id='word_1_187' title='bbox 1335 1781 1447 1815; x_wconf 89' lang='lat' dir='ltr'>tertio</span> <span class='ocrx_word' id='word_1_188' title='bbox 1472 1780 1519 1816; x_wconf 91' lang='lat' dir='ltr'>de</span> <span class='ocrx_word' id='word_1_189' title='bbox 1545 1780 1787 1826; x_wconf 87' lang='lat' dir='ltr'>Aspectibus‚</span> <span class='ocrx_word' id='word_1_190' title='bbox 1815 1781 1916 1827; x_wconf 92' lang='lat' dir='ltr'>quod</span> 
     </span>
     <span class='ocr_line' id='line_1_26' title="bbox 1183 1837 1917 1883; baseline 0.003 -11"><span class='ocrx_word' id='word_1_191' title='bbox 1183 1837 1268 1873; x_wconf 85' lang='lat' dir='ltr'>talis</span> <span class='ocrx_word' id='word_1_192' title='bbox 1292 1843 1348 1873; x_wconf 85' lang='lat' dir='ltr'>est</span> <span class='ocrx_word' id='word_1_193' title='bbox 1374 1838 1509 1883; x_wconf 83' lang='lat' dir='ltr'>positio</span> <span class='ocrx_word' id='word_1_194' title='bbox 1534 1837 1623 1873; x_wconf 88' lang='lat' dir='ltr'>radii</span> <span class='ocrx_word' id='word_1_195' title='bbox 1650 1837 1854 1874; x_wconf 83' lang='lat' dir='ltr'>incidentis</span> <span class='ocrx_word' id='word_1_196' title='bbox 1878 1843 1917 1874; x_wconf 88' lang='lat' dir='ltr'>et</span> 
     </span>
     <span class='ocr_line' id='line_1_27' title="bbox 1184 1894 1916 1942; baseline 0.001 -11"><span class='ocrx_word' id='word_1_197' title='bbox 1184 1895 1310 1932; x_wconf 88' lang='lat' dir='ltr'>reflexi</span> <span class='ocrx_word' id='word_1_198' title='bbox 1340 1897 1388 1932; x_wconf 88' lang='lat' dir='ltr'>ad</span> <span class='ocrx_word' id='word_1_199' title='bbox 1417 1895 1573 1941; x_wconf 83' lang='lat' dir='ltr'>angulos</span> <span class='ocrx_word' id='word_1_200' title='bbox 1600 1894 1784 1940; x_wconf 86' lang='lat' dir='ltr'>obliquos,</span> <span class='ocrx_word' id='word_1_201' title='bbox 1817 1897 1916 1942; x_wconf 91' lang='lat' dir='ltr'>quod</span> 
     </span>
    </p>
   </div>
   <div class='ocr_carea' id='block_1_5' title="bbox 642 1855 1146 1893">
    <p class='ocr_par' dir='ltr' id='par_1_5' title="bbox 642 1855 1146 1893">
     <span class='ocr_line' id='line_1_28' title="bbox 642 1855 1146 1893; baseline 0 -1"><span class='ocrx_word' id='word_1_202' title='bbox 642 1870 668 1893; x_wconf 83' lang='lat' dir='ltr'>u.</span> <span class='ocrx_word' id='word_1_203' title='bbox 867 1869 885 1891; x_wconf 75' lang='grc' dir='ltr'><strong><em>υ</em></strong></span> <span class='ocrx_word' id='word_1_204' title='bbox 1125 1855 1146 1892; x_wconf 84' lang='lat' dir='ltr'><strong><em>b</em></strong></span> 
     </span>
    </p>
   </div>
   <div class='ocr_carea' id='block_1_6' title="bbox 827 1928 1916 2000">
    <p class='ocr_par' dir='ltr' id='par_1_6' title="bbox 827 1928 1916 2000">
     <span class='ocr_line' id='line_1_29' title="bbox 827 1928 1916 2000; baseline 0 -12"><span class='ocrx_word' id='word_1_205' title='bbox 827 1928 895 1956; x_wconf 50' lang='grc' dir='ltr'>ᾖα</span> <span class='ocrx_word' id='word_1_206' title='bbox 913 1928 957 1956; x_wconf 65' lang='lat'>⁸⁰⁸</span> <span class='ocrx_word' id='word_1_207' title='bbox 1184 1954 1434 1999; x_wconf 87' lang='lat' dir='ltr'>unusquisque</span> <span class='ocrx_word' id='word_1_208' title='bbox 1462 1953 1615 1989; x_wconf 87' lang='lat' dir='ltr'>istorum</span> <span class='ocrx_word' id='word_1_209' title='bbox 1639 1953 1800 1989; x_wconf 88' lang='lat' dir='ltr'>duorum</span> <span class='ocrx_word' id='word_1_210' title='bbox 1833 1966 1916 2000; x_wconf 83' lang='lat' dir='ltr'>per-</span> 
     </span>
    </p>
   </div>
   <div class='ocr_carea' id='block_1_7' title="bbox 631 2009 1920 2459">
    <p class='ocr_par' dir='ltr' id='par_1_7' title="bbox 631 2009 1920 2459">
     <span class='ocr_line' id='line_1_30' title="bbox 631 2009 1917 2058; baseline 0.001 -12"><span class='ocrx_word' id='word_1_211' title='bbox 631 2012 732 2048; x_wconf 86' lang='lat' dir='ltr'>venit</span> <span class='ocrx_word' id='word_1_212' title='bbox 748 2011 796 2047; x_wconf 88' lang='lat' dir='ltr'>ad</span> <span class='ocrx_word' id='word_1_213' title='bbox 814 2016 992 2058; x_wconf 91' lang='lat' dir='ltr'>punctum</span> <span class='ocrx_word' id='word_1_214' title='bbox 1009 2011 1148 2057; x_wconf 85' lang='lat' dir='ltr'>speculi</span> <span class='ocrx_word' id='word_1_215' title='bbox 1167 2022 1190 2045; x_wconf 90' lang='lat' dir='ltr'>a</span> <span class='ocrx_word' id='word_1_216' title='bbox 1213 2022 1289 2056; x_wconf 94' lang='lat' dir='ltr'>quo</span> <span class='ocrx_word' id='word_1_217' title='bbox 1312 2010 1355 2046; x_wconf 85' lang='lat' dir='ltr'>fit</span> <span class='ocrx_word' id='word_1_218' title='bbox 1381 2009 1540 2051; x_wconf 84' lang='lat' dir='ltr'>reflexio,</span> <span class='ocrx_word' id='word_1_219' title='bbox 1558 2015 1597 2046; x_wconf 87' lang='lat' dir='ltr'>et</span> <span class='ocrx_word' id='word_1_220' title='bbox 1613 2011 1807 2047; x_wconf 82' lang='lat' dir='ltr'>continent</span> <span class='ocrx_word' id='word_1_221' title='bbox 1833 2023 1917 2047; x_wconf 89' lang='lat' dir='ltr'>cum</span> 
     </span>
     <span class='ocr_line' id='line_1_31' title="bbox 632 2067 1918 2115; baseline 0.001 -11"><span class='ocrx_word' id='word_1_222' title='bbox 632 2069 924 2115; x_wconf 86' lang='lat' dir='ltr'>perpendiculari</span> <span class='ocrx_word' id='word_1_223' title='bbox 935 2079 1031 2114; x_wconf 89' lang='lat' dir='ltr'>quae</span> <span class='ocrx_word' id='word_1_224' title='bbox 1042 2068 1090 2104; x_wconf 89' lang='lat' dir='ltr'>ab</span> <span class='ocrx_word' id='word_1_225' title='bbox 1102 2069 1183 2114; x_wconf 89' lang='lat' dir='ltr'>ipso</span> <span class='ocrx_word' id='word_1_226' title='bbox 1194 2074 1333 2114; x_wconf 89' lang='lat' dir='ltr'>puncto</span> <span class='ocrx_word' id='word_1_227' title='bbox 1344 2068 1509 2114; x_wconf 85' lang='lat' dir='ltr'>procedit</span> <span class='ocrx_word' id='word_1_228' title='bbox 1522 2068 1569 2104; x_wconf 90' lang='lat' dir='ltr'>de</span> <span class='ocrx_word' id='word_1_229' title='bbox 1579 2067 1729 2114; x_wconf 84' lang='lat' dir='ltr'>speculo</span> <span class='ocrx_word' id='word_1_230' title='bbox 1741 2068 1918 2114; x_wconf 60' lang='lat' dir='ltr'>aequales</span> 
     </span>
     <span class='ocr_line' id='line_1_32' title="bbox 633 2124 1918 2172; baseline 0.001 -11"><span class='ocrx_word' id='word_1_231' title='bbox 633 2126 798 2172; x_wconf 86' lang='lat' dir='ltr'>angulos,</span> <span class='ocrx_word' id='word_1_232' title='bbox 816 2131 853 2161; x_wconf 88' lang='lat' dir='ltr'>et</span> <span class='ocrx_word' id='word_1_233' title='bbox 869 2126 939 2161; x_wconf 90' lang='lat' dir='ltr'>hoc</span> <span class='ocrx_word' id='word_1_234' title='bbox 956 2125 1035 2161; x_wconf 87' lang='lat' dir='ltr'>vult</span> <span class='ocrx_word' id='word_1_235' title='bbox 1052 2124 1221 2161; x_wconf 85' lang='lat' dir='ltr'>Alhazen</span> <span class='ocrx_word' id='word_1_236' title='bbox 1240 2130 1278 2160; x_wconf 88' lang='lat' dir='ltr'>et</span> <span class='ocrx_word' id='word_1_237' title='bbox 1294 2125 1368 2161; x_wconf 87' lang='lat' dir='ltr'>alii.</span> <span class='ocrx_word' id='word_1_238' title='bbox 1420 2125 1474 2161; x_wconf 86' lang='lat' dir='ltr'>Ut</span> <span class='ocrx_word' id='word_1_239' title='bbox 1497 2125 1529 2160; x_wconf 88' lang='lat' dir='ltr'>si</span> <span class='ocrx_word' id='word_1_240' title='bbox 1554 2125 1744 2172; x_wconf 88' lang='lat' dir='ltr'>speculum</span> <span class='ocrx_word' id='word_1_241' title='bbox 1770 2126 1820 2162; x_wconf 88' lang='lat' dir='ltr'>sit</span> <span class='ocrx_word' id='word_1_242' title='bbox 1846 2139 1872 2162; x_wconf 87' lang='lat' dir='ltr'><em>a</em></span> <span class='ocrx_word' id='word_1_243' title='bbox 1888 2127 1918 2168; x_wconf 79' lang='lat' dir='ltr'>b,</span> 
     </span>
     <span class='ocr_line' id='line_1_33' title="bbox 633 2182 1918 2229; baseline 0.001 -10"><span class='ocrx_word' id='word_1_244' title='bbox 633 2189 671 2219; x_wconf 90' lang='lat' dir='ltr'>et</span> <span class='ocrx_word' id='word_1_245' title='bbox 688 2184 810 2220; x_wconf 84' lang='lat' dir='ltr'>radius</span> <span class='ocrx_word' id='word_1_246' title='bbox 828 2184 989 2219; x_wconf 86' lang='lat' dir='ltr'>incidens</span> <span class='ocrx_word' id='word_1_247' title='bbox 1006 2184 1053 2218; x_wconf 88' lang='lat' dir='ltr'>sit</span> <span class='ocrx_word' id='word_1_248' title='bbox 1069 2182 1136 2224; x_wconf 88' lang='lat' dir='ltr'>dc,</span> <span class='ocrx_word' id='word_1_249' title='bbox 1153 2188 1190 2218; x_wconf 85' lang='lat' dir='ltr'>et</span> <span class='ocrx_word' id='word_1_250' title='bbox 1214 2182 1367 2218; x_wconf 85' lang='lat' dir='ltr'>reflexio</span> <span class='ocrx_word' id='word_1_251' title='bbox 1388 2194 1407 2218; x_wconf 91' lang='lat' dir='ltr'>c</span> <span class='ocrx_word' id='word_1_252' title='bbox 1413 2183 1450 2229; x_wconf 85' lang='lat' dir='ltr'>f,</span> <span class='ocrx_word' id='word_1_253' title='bbox 1468 2188 1506 2219; x_wconf 91' lang='lat' dir='ltr'>et</span> <span class='ocrx_word' id='word_1_254' title='bbox 1528 2183 1847 2229; x_wconf 85' lang='lat' dir='ltr'>perpendicularis</span> <span class='ocrx_word' id='word_1_255' title='bbox 1871 2185 1918 2221; x_wconf 85' lang='lat' dir='ltr'>sit</span> 
     </span>
     <span class='ocr_line' id='line_1_34' title="bbox 634 2239 1918 2286; baseline 0.001 -10"><span class='ocrx_word' id='word_1_256' title='bbox 634 2240 659 2276; x_wconf 78' lang='lat' dir='ltr'><em>k</em></span> <span class='ocrx_word' id='word_1_257' title='bbox 669 2253 698 2283; x_wconf 86' lang='lat' dir='ltr'>c,</span> <span class='ocrx_word' id='word_1_258' title='bbox 714 2246 803 2276; x_wconf 89' lang='lat' dir='ltr'>tunc</span> <span class='ocrx_word' id='word_1_259' title='bbox 818 2240 975 2286; x_wconf 84' lang='lat' dir='ltr'>angulus</span> <span class='ocrx_word' id='word_1_260' title='bbox 991 2240 1020 2275; x_wconf 84' lang='lat' dir='ltr'>d</span> <span class='ocrx_word' id='word_1_261' title='bbox 1027 2252 1047 2275; x_wconf 89' lang='lat' dir='ltr'>c</span> <span class='ocrx_word' id='word_1_262' title='bbox 1057 2240 1081 2275; x_wconf 79' lang='lat' dir='ltr'><em>k</em></span> <span class='ocrx_word' id='word_1_263' title='bbox 1098 2245 1135 2275; x_wconf 87' lang='lat' dir='ltr'>et</span> <span class='ocrx_word' id='word_1_264' title='bbox 1153 2240 1177 2275; x_wconf 80' lang='lat' dir='ltr'><em>k</em></span> <span class='ocrx_word' id='word_1_265' title='bbox 1189 2252 1208 2275; x_wconf 88' lang='lat' dir='ltr'>c</span> <span class='ocrx_word' id='word_1_266' title='bbox 1211 2240 1246 2286; x_wconf 92' lang='lat' dir='ltr'><em>f</em></span> <span class='ocrx_word' id='word_1_267' title='bbox 1256 2245 1343 2276; x_wconf 88' lang='lat' dir='ltr'>sunt</span> <span class='ocrx_word' id='word_1_268' title='bbox 1358 2239 1538 2285; x_wconf 61' lang='lat' dir='ltr'>aequales.</span> <span class='ocrx_word' id='word_1_269' title='bbox 1589 2239 1751 2286; x_wconf 85' lang='lat' dir='ltr'>Quando</span> <span class='ocrx_word' id='word_1_270' title='bbox 1768 2252 1860 2276; x_wconf 89' lang='lat' dir='ltr'>vero</span> <span class='ocrx_word' id='word_1_271' title='bbox 1878 2241 1918 2277; x_wconf 83' lang='lat' dir='ltr'>fit</span> 
     </span>
     <span class='ocr_line' id='line_1_35' title="bbox 634 2297 1920 2343; baseline 0 -8"><span class='ocrx_word' id='word_1_272' title='bbox 634 2298 787 2335; x_wconf 82' lang='lat' dir='ltr'>reflexio</span> <span class='ocrx_word' id='word_1_273' title='bbox 803 2298 850 2333; x_wconf 88' lang='lat' dir='ltr'>ad</span> <span class='ocrx_word' id='word_1_274' title='bbox 869 2298 1023 2343; x_wconf 85' lang='lat' dir='ltr'>angulos</span> <span class='ocrx_word' id='word_1_275' title='bbox 1041 2303 1170 2341; x_wconf 87' lang='lat' dir='ltr'>rectos,</span> <span class='ocrx_word' id='word_1_276' title='bbox 1184 2303 1270 2333; x_wconf 92' lang='lat' dir='ltr'>tunc</span> <span class='ocrx_word' id='word_1_277' title='bbox 1289 2298 1385 2334; x_wconf 88' lang='lat' dir='ltr'>redit</span> <span class='ocrx_word' id='word_1_278' title='bbox 1402 2297 1523 2333; x_wconf 86' lang='lat' dir='ltr'>radius</span> <span class='ocrx_word' id='word_1_279' title='bbox 1539 2297 1575 2332; x_wconf 88' lang='lat' dir='ltr'>in</span> <span class='ocrx_word' id='word_1_280' title='bbox 1592 2308 1642 2340; x_wconf 86' lang='lat' dir='ltr'>se,</span> <span class='ocrx_word' id='word_1_281' title='bbox 1654 2302 1692 2333; x_wconf 92' lang='lat' dir='ltr'>et</span> <span class='ocrx_word' id='word_1_282' title='bbox 1706 2298 1819 2334; x_wconf 79' lang='lat' dir='ltr'>simul</span> <span class='ocrx_word' id='word_1_283' title='bbox 1835 2298 1920 2335; x_wconf 87' lang='lat' dir='ltr'>loco</span> 
     </span>
     <span class='ocr_line' id='line_1_36' title="bbox 634 2354 1919 2401; baseline 0 -9"><span class='ocrx_word' id='word_1_284' title='bbox 634 2361 719 2392; x_wconf 83' lang='lat' dir='ltr'>sunt</span> <span class='ocrx_word' id='word_1_285' title='bbox 738 2356 900 2391; x_wconf 88' lang='lat' dir='ltr'>incidens</span> <span class='ocrx_word' id='word_1_286' title='bbox 918 2355 1012 2390; x_wconf 88' lang='lat' dir='ltr'>linea</span> <span class='ocrx_word' id='word_1_287' title='bbox 1029 2361 1066 2391; x_wconf 88' lang='lat' dir='ltr'>et</span> <span class='ocrx_word' id='word_1_288' title='bbox 1083 2354 1234 2397; x_wconf 84' lang='lat' dir='ltr'>rediens,</span> <span class='ocrx_word' id='word_1_289' title='bbox 1251 2360 1288 2390; x_wconf 89' lang='lat' dir='ltr'>et</span> <span class='ocrx_word' id='word_1_290' title='bbox 1307 2354 1348 2390; x_wconf 80' lang='lat' dir='ltr'>fit</span> <span class='ocrx_word' id='word_1_291' title='bbox 1366 2354 1488 2390; x_wconf 85' lang='lat' dir='ltr'>radius</span> <span class='ocrx_word' id='word_1_292' title='bbox 1503 2366 1597 2390; x_wconf 81' lang='lat' dir='ltr'>unus</span> <span class='ocrx_word' id='word_1_293' title='bbox 1620 2356 1853 2401; x_wconf 87' lang='lat' dir='ltr'>compositus</span> <span class='ocrx_word' id='word_1_294' title='bbox 1869 2368 1919 2392; x_wconf 87' lang='lat' dir='ltr'>ex</span> 
     </span>
     <span class='ocr_line' id='line_1_37' title="bbox 634 2411 1920 2459; baseline 0 -10"><span class='ocrx_word' id='word_1_295' title='bbox 634 2413 810 2449; x_wconf 88' lang='lat' dir='ltr'>incidenti</span> <span class='ocrx_word' id='word_1_296' title='bbox 834 2418 872 2447; x_wconf 89' lang='lat' dir='ltr'>et</span> <span class='ocrx_word' id='word_1_297' title='bbox 897 2413 1071 2448; x_wconf 86' lang='lat' dir='ltr'>rediente.</span> <span class='ocrx_word' id='word_1_298' title='bbox 1122 2411 1284 2458; x_wconf 86' lang='lat' dir='ltr'>Quando</span> <span class='ocrx_word' id='word_1_299' title='bbox 1308 2423 1396 2447; x_wconf 87' lang='lat' dir='ltr'>vero</span> <span class='ocrx_word' id='word_1_300' title='bbox 1421 2411 1654 2447; x_wconf 86' lang='lat' dir='ltr'>reflectuntur</span> <span class='ocrx_word' id='word_1_301' title='bbox 1681 2412 1729 2447; x_wconf 86' lang='lat' dir='ltr'>ad</span> <span class='ocrx_word' id='word_1_302' title='bbox 1756 2414 1920 2459; x_wconf 77' lang='lat' dir='ltr'>angulos</span> 
     </span>
    </p>
   </div>
   <div class='ocr_carea' id='block_1_8' title="bbox 632 2497 1925 2752">
    <p class='ocr_par' dir='ltr' id='par_1_8' title="bbox 632 2497 1925 2752">
     <span class='ocr_line' id='line_1_38' title="bbox 672 2497 1925 2534; baseline 0.002 -7"><span class='ocrx_word' id='word_1_303' title='bbox 672 2499 680 2516; x_wconf 88' lang='lat'><strong>¹</strong></span> <span class='ocrx_word' id='word_1_304' title='bbox 699 2500 768 2527; x_wconf 82' lang='lat' dir='ltr'>This</span> <span class='ocrx_word' id='word_1_305' title='bbox 790 2500 815 2527; x_wconf 82' lang='lat' dir='ltr'>is</span> <span class='ocrx_word' id='word_1_306' title='bbox 837 2499 994 2534; x_wconf 81' lang='lat' dir='ltr'>expressed</span> <span class='ocrx_word' id='word_1_307' title='bbox 1013 2507 1084 2533; x_wconf 87' lang='lat' dir='ltr'>very</span> <span class='ocrx_word' id='word_1_308' title='bbox 1102 2498 1295 2533; x_wconf 55' lang='lat' dir='ltr'>cumbrouslv,</span> <span class='ocrx_word' id='word_1_309' title='bbox 1314 2498 1371 2526; x_wconf 72' lang='lat' dir='ltr'>and</span> <span class='ocrx_word' id='word_1_310' title='bbox 1389 2497 1488 2526; x_wconf 83' lang='lat' dir='ltr'>would</span> <span class='ocrx_word' id='word_1_311' title='bbox 1505 2498 1543 2526; x_wconf 83' lang='lat' dir='ltr'>be</span> <span class='ocrx_word' id='word_1_312' title='bbox 1563 2498 1642 2533; x_wconf 80' lang='lat' dir='ltr'>quite</span> <span class='ocrx_word' id='word_1_313' title='bbox 1664 2499 1880 2534; x_wconf 69' lang='lat' dir='ltr'>unintelligible</span> <span class='ocrx_word' id='word_1_314' title='bbox 1899 2501 1925 2529; x_wconf 81' lang='lat' dir='ltr'>is</span> 
     </span>
     <span class='ocr_line' id='line_1_39' title="bbox 636 2541 1920 2579; baseline -0.001 -7"><span class='ocrx_word' id='word_1_315' title='bbox 636 2544 732 2572; x_wconf 72' lang='lat' dir='ltr'>Bucen</span> <span class='ocrx_word' id='word_1_316' title='bbox 746 2543 792 2570; x_wconf 91' lang='lat' dir='ltr'>did</span> <span class='ocrx_word' id='word_1_317' title='bbox 807 2547 857 2570; x_wconf 85' lang='lat' dir='ltr'>not</span> <span class='ocrx_word' id='word_1_318' title='bbox 870 2543 985 2577; x_wconf 74' lang='lat' dir='ltr'>explain</span> <span class='ocrx_word' id='word_1_319' title='bbox 998 2543 1027 2570; x_wconf 87' lang='lat' dir='ltr'>in</span> <span class='ocrx_word' id='word_1_320' title='bbox 1041 2542 1089 2570; x_wconf 82' lang='lat' dir='ltr'>the</span> <span class='ocrx_word' id='word_1_321' title='bbox 1108 2546 1178 2569; x_wconf 84' lang='lat' dir='ltr'>next</span> <span class='ocrx_word' id='word_1_322' title='bbox 1193 2546 1332 2570; x_wconf 82' lang='lat' dir='ltr'>sentence</span> <span class='ocrx_word' id='word_1_323' title='bbox 1345 2541 1406 2568; x_wconf 76' lang='lat' dir='ltr'>that</span> <span class='ocrx_word' id='word_1_324' title='bbox 1423 2541 1519 2569; x_wconf 74' lang='lat' dir='ltr'>radius</span> <span class='ocrx_word' id='word_1_325' title='bbox 1535 2550 1692 2570; x_wconf 79' lang='lat' dir='ltr'>conversus</span> <span class='ocrx_word' id='word_1_326' title='bbox 1704 2550 1768 2570; x_wconf 69' lang='lat' dir='ltr'>was</span> <span class='ocrx_word' id='word_1_327' title='bbox 1785 2544 1862 2571; x_wconf 73' lang='lat' dir='ltr'>uaed</span> <span class='ocrx_word' id='word_1_328' title='bbox 1879 2544 1920 2579; x_wconf 78' lang='lat' dir='ltr'>by</span> 
     </span>
     <span class='ocr_line' id='line_1_40' title="bbox 634 2584 1918 2621; baseline 0.001 -7"><span class='ocrx_word' id='word_1_329' title='bbox 634 2596 715 2615; x_wconf 78' lang='lat' dir='ltr'>some</span> <span class='ocrx_word' id='word_1_330' title='bbox 727 2587 845 2614; x_wconf 75' lang='lat' dir='ltr'>authors</span> <span class='ocrx_word' id='word_1_331' title='bbox 858 2591 888 2613; x_wconf 80' lang='lat' dir='ltr'>to</span> <span class='ocrx_word' id='word_1_332' title='bbox 901 2587 1007 2613; x_wconf 80' lang='lat' dir='ltr'>denote</span> <span class='ocrx_word' id='word_1_333' title='bbox 1019 2586 1069 2613; x_wconf 81' lang='lat' dir='ltr'>the</span> <span class='ocrx_word' id='word_1_334' title='bbox 1079 2585 1175 2612; x_wconf 84' lang='lat' dir='ltr'>whole</span> <span class='ocrx_word' id='word_1_335' title='bbox 1188 2594 1247 2620; x_wconf 72' lang='lat' dir='ltr'>ray,</span> <span class='ocrx_word' id='word_1_336' title='bbox 1257 2585 1307 2612; x_wconf 81' lang='lat' dir='ltr'>the</span> <span class='ocrx_word' id='word_1_337' title='bbox 1319 2584 1446 2612; x_wconf 81' lang='lat' dir='ltr'>incident</span> <span class='ocrx_word' id='word_1_338' title='bbox 1459 2593 1492 2612; x_wconf 75' lang='lat' dir='ltr'>ns</span> <span class='ocrx_word' id='word_1_339' title='bbox 1504 2585 1571 2612; x_wconf 86' lang='lat' dir='ltr'>well</span> <span class='ocrx_word' id='word_1_340' title='bbox 1584 2593 1615 2612; x_wconf 75' lang='lat' dir='ltr'>as</span> <span class='ocrx_word' id='word_1_341' title='bbox 1628 2585 1677 2612; x_wconf 78' lang='lat' dir='ltr'>the</span> <span class='ocrx_word' id='word_1_342' title='bbox 1690 2585 1827 2613; x_wconf 78' lang='lat' dir='ltr'>reflected</span> <span class='ocrx_word' id='word_1_343' title='bbox 1841 2591 1918 2621; x_wconf 74' lang='lat' dir='ltr'>part.</span> 
     </span>
     <span class='ocr_line' id='line_1_41' title="bbox 635 2627 1920 2665; baseline 0 -8"><span class='ocrx_word' id='word_1_344' title='bbox 635 2630 810 2665; x_wconf 76' lang='lat' dir='ltr'>Superflcies</span> <span class='ocrx_word' id='word_1_345' title='bbox 832 2630 950 2657; x_wconf 71' lang='lat' dir='ltr'>duarum</span> <span class='ocrx_word' id='word_1_346' title='bbox 969 2629 1117 2661; x_wconf 75' lang='lat' dir='ltr'>linearum,</span> <span class='ocrx_word' id='word_1_347' title='bbox 1139 2629 1163 2655; x_wconf 83' lang='lat' dir='ltr'>is</span> <span class='ocrx_word' id='word_1_348' title='bbox 1183 2629 1232 2656; x_wconf 85' lang='lat' dir='ltr'>the</span> <span class='ocrx_word' id='word_1_349' title='bbox 1252 2629 1337 2663; x_wconf 74' lang='lat' dir='ltr'>plane</span> <span class='ocrx_word' id='word_1_350' title='bbox 1358 2627 1392 2655; x_wconf 79' lang='lat' dir='ltr'>of</span> <span class='ocrx_word' id='word_1_351' title='bbox 1407 2628 1457 2654; x_wconf 81' lang='lat' dir='ltr'>the</span> <span class='ocrx_word' id='word_1_352' title='bbox 1475 2632 1538 2655; x_wconf 79' lang='lat' dir='ltr'>two</span> <span class='ocrx_word' id='word_1_353' title='bbox 1553 2627 1640 2658; x_wconf 69' lang='lat' dir='ltr'>linesz</span> <span class='ocrx_word' id='word_1_354' title='bbox 1667 2629 1717 2656; x_wconf 82' lang='lat' dir='ltr'>the</span> <span class='ocrx_word' id='word_1_355' title='bbox 1735 2629 1796 2656; x_wconf 86' lang='lat' dir='ltr'>line</span> <span class='ocrx_word' id='word_1_356' title='bbox 1816 2630 1847 2657; x_wconf 78' lang='lat' dir='ltr'>in</span> <span class='ocrx_word' id='word_1_357' title='bbox 1868 2630 1920 2657; x_wconf 80' lang='lat' dir='ltr'>the</span> 
     </span>
     <span class='ocr_line' id='line_1_42' title="bbox 635 2670 1920 2707; baseline 0.001 -7"><span class='ocrx_word' id='word_1_358' title='bbox 635 2673 783 2707; x_wconf 79' lang='lat' dir='ltr'>reflecting</span> <span class='ocrx_word' id='word_1_359' title='bbox 799 2672 913 2699; x_wconf 77' lang='lat' dir='ltr'>sursace</span> <span class='ocrx_word' id='word_1_360' title='bbox 929 2672 999 2699; x_wconf 81' lang='lat' dir='ltr'>with</span> <span class='ocrx_word' id='word_1_361' title='bbox 1016 2671 1112 2699; x_wconf 85' lang='lat' dir='ltr'>which</span> <span class='ocrx_word' id='word_1_362' title='bbox 1132 2672 1181 2698; x_wconf 81' lang='lat' dir='ltr'>the</span> <span class='ocrx_word' id='word_1_363' title='bbox 1200 2671 1301 2704; x_wconf 75' lang='lat' dir='ltr'>angles</span> <span class='ocrx_word' id='word_1_364' title='bbox 1316 2670 1350 2697; x_wconf 78' lang='lat' dir='ltr'>of</span> <span class='ocrx_word' id='word_1_365' title='bbox 1363 2670 1513 2698; x_wconf 86' lang='lat' dir='ltr'>incidencc</span> <span class='ocrx_word' id='word_1_366' title='bbox 1530 2671 1587 2698; x_wconf 78' lang='lat' dir='ltr'>md</span> <span class='ocrx_word' id='word_1_367' title='bbox 1605 2671 1744 2698; x_wconf 78' lang='lat' dir='ltr'>reflexion</span> <span class='ocrx_word' id='word_1_368' title='bbox 1762 2680 1813 2699; x_wconf 70' lang='lat' dir='ltr'>nte</span> <span class='ocrx_word' id='word_1_369' title='bbox 1831 2673 1920 2701; x_wconf 71' lang='lat' dir='ltr'>made</span> 
     </span>
     <span class='ocr_line' id='line_1_43' title="bbox 632 2714 1662 2752; baseline -0.003 -8"><span class='ocrx_word' id='word_1_370' title='bbox 632 2717 694 2752; x_wconf 81' lang='lat' dir='ltr'>lies,</span> <span class='ocrx_word' id='word_1_371' title='bbox 709 2716 742 2743; x_wconf 78' lang='lat' dir='ltr'>os</span> <span class='ocrx_word' id='word_1_372' title='bbox 751 2725 861 2746; x_wconf 66' lang='lat' dir='ltr'>coune-</span> <span class='ocrx_word' id='word_1_373' title='bbox 877 2715 907 2742; x_wconf 83' lang='lat' dir='ltr'>in</span> <span class='ocrx_word' id='word_1_374' title='bbox 919 2716 969 2743; x_wconf 77' lang='lat' dir='ltr'>the</span> <span class='ocrx_word' id='word_1_375' title='bbox 982 2723 1062 2743; x_wconf 75' lang='lat' dir='ltr'>same</span> <span class='ocrx_word' id='word_1_376' title='bbox 1074 2715 1160 2749; x_wconf 77' lang='lat' dir='ltr'>plane</span> <span class='ocrx_word' id='word_1_377' title='bbox 1173 2714 1245 2742; x_wconf 77' lang='lat' dir='ltr'>with</span> <span class='ocrx_word' id='word_1_378' title='bbox 1257 2714 1334 2741; x_wconf 78' lang='lat' dir='ltr'>them</span> <span class='ocrx_word' id='word_1_379' title='bbox 1349 2714 1470 2750; x_wconf 64' lang='lat' dir='ltr'>(directa</span> <span class='ocrx_word' id='word_1_380' title='bbox 1482 2714 1662 2750; x_wconf 72' lang='lat' dir='ltr'>eommunis).</span> 
     </span>
    </p>
   </div>
  </div>
 </body>
</html>
