2350 3580
597 706 662 731 123
859 699 1032 734 OPERIS
1058 699 1268 739 MAJORJS
1294 700 1422 735 PARS
1448 700 1638 742 QUINTA.

596 789 787 827 confundit
812 791 961 828 oculum
988 796 1026 828 et
1050 790 1223 828 absorbet
1248 791 1285 828 in
1310 796 1441 838 totum,
1467 799 1507 830 ut
1532 799 1669 830 tremor
1691 805 1765 830 non
1791 806 1873 841 per·

597 847 759 893 cipiatur.

408 925 499 952 Smin
513 925 544 952 05
645 905 775 952 Atque
800 907 899 952 quod
934 907 1062 943 stellae
1095 907 1214 952 magis
1248 907 1415 944 videntur
1447 908 1583 944 distare
1614 909 1649 944 in
1683 909 1874 946 horizonte

408 961 455 989 *Μ
468 961 557 1005 Ετέὒῑ
597 974 710 1009 quam
728 965 765 999 in
788 966 949 1009 meridie,
960 965 1047 1001 facit
1059 966 1175 1001 visum
1194 977 1313 1001 errare
1327 967 1361 1001 in
1376 967 1583 1013 cognitione
1594 967 1765 1010 visibilis;
1787 967 1874 1013 quia

408 1033 513 1077 dignm
597 1022 695 1057 enirn
724 1033 872 1059 erronee
901 1024 1072 1060 aestimat
1101 1022 1248 1059 stellam
1279 1023 1361 1069 plus
1394 1024 1533 1060 distare
1564 1026 1712 1071 quando
1747 1030 1804 1061 est
1837 1026 1873 1060 in

409 1070 522 1106 obJeetn.
597 1078 797 1120 horizonte,
816 1081 899 1128 plus
914 1087 1068 1117 conatur
1084 1081 1214 1117 intueri
1232 1081 1387 1133 stellam,
1405 1087 1442 1118 et
1458 1092 1507 1118 ex
1525 1088 1657 1119 conatu
1676 1089 1733 1119 est
1750 1088 1874 1118 motus

597 1137 692 1172 oculi
719 1137 846 1174 sortior
868 1144 904 1174 et
930 1139 1117 1175 involutio.
1166 1139 1266 1174 Nam
1283 1151 1332 1174 ex
1352 1150 1485 1186 magno
1503 1146 1638 1177 conatu
1656 1140 1876 1186 exprimitur

596 1194 724 1230 oculus
741 1202 779 1232 et
796 1197 968 1232 recedunt
986 1197 1130 1232 tunicae
1143 1202 1183 1233 et
1199 1197 1372 1232 humores
1387 1208 1410 1232 a
1427 1197 1498 1232 situ
1515 1197 1683 1240 naturaii,
1695 1203 1734 1233 et
1749 1203 1874 1241 tamen

596 1254 723 1291 statim
759 1254 971 1290 naturaliter
1012 1254 1232 1291 inclinantur
1268 1254 1316 1290 ad
1350 1254 1521 1299 eundem,
1552 1261 1591 1291 et
1623 1255 1709 1290 ideo
1742 1254 1875 1292 accidit

596 1312 775 1349 involutio
797 1317 834 1348 et
859 1318 1008 1348 tremor.
1059 1311 1188 1358 Atque
1211 1319 1340 1348 natura
1356 1323 1504 1359 semper
1520 1313 1670 1349 recurrit
1686 1313 1734 1349 ad
1752 1312 1873 1349 iocum

596 1369 735 1405 laesum
778 1370 835 1405 vel
877 1370 1111 1415 indigentem.
1146 1374 1183 1405 et
1219 1370 1330 1405 mittit
1363 1370 1612 1405 abuudantius
1647 1370 1796 1418 spiritus
1836 1375 1874 1405 et

595 1427 744 1468 calores,
761 1433 799 1464 et
826 1428 910 1464 ideo
934 1439 957 1463 a
981 1439 1092 1464 nervo
1116 1427 1303 1463 communi
1327 1427 1365 1463 in
1385 1426 1594 1472 hujusmodi
1621 1434 1754 1464 conatu
1778 1427 1874 1463 ocuii

597 1485 826 1521 resolvuntur
855 1485 1004 1532 spiritus
1034 1491 1072 1521 et
1105 1484 1205 1521 casor
1232 1484 1416 1526 naturalis,
1445 1489 1484 1521 et
1512 1485 1723 1531 hujusmodi
1749 1495 1876 1532 super-

597 1542 718 1578 fluitas
743 1543 917 1578 humores
941 1543 1105 1578 concutit
1130 1549 1167 1578 et
1194 1542 1281 1578 facit
1305 1543 1474 1578 recedere
1498 1553 1521 1577 a
1545 1543 1618 1578 situ
1644 1542 1801 1578 naturali
1827 1543 1875 1577 ad

595 1611 705 1646 quem
732 1601 857 1635 statim
883 1599 1148 1635 reinclinantur.
1200 1600 1251 1635 Et
1269 1600 1319 1635 sic
1336 1600 1468 1636 accidit
1485 1604 1625 1635 tremor
1641 1600 1738 1636 oculi
1756 1605 1792 1634 et
1809 1611 1876 1646 per

596 1668 821 1704 consequens
852 1658 888 1693 in
919 1669 956 1693 re
982 1657 1060 1693 visa
1088 1657 1290 1693 secundum
1321 1657 1596 1704 apparentiamt
1634 1657 1726 1694 sicut
1755 1656 1876 1693 Ptole-

598 1727 724 1752 maeus
741 1716 834 1752 hanc
851 1716 1012 1763 assignat
1031 1727 1179 1752 causam
1199 1716 1361 1753 secundo
1381 1716 1643 1762 Perspectivae.
1696 1715 1746 1752 Et
1763 1716 1875 1751 etiam

596 1773 681 1818 quia
698 1774 797 1809 visus
821 1775 991 1810 aestimat
1017 1774 1132 1809 solem
1161 1779 1199 1809 et
1225 1774 1352 1809 stenae.
1372 1773 1452 1819 plus
1470 1773 1605 1808 distare
1623 1774 1773 1819 quando
1789 1777 1876 1808 sunt

597 1832 633 1867 in
659 1832 857 1874 horizonte,
877 1833 959 1868 ideo
983 1833 1103 1877 tnagis
1123 1837 1277 1867 conatur
1296 1837 1334 1867 et
1350 1831 1554 1867 involvitur.
1608 1830 1656 1866 Et
1674 1831 1875 1877 secundum

595 1888 668 1924 hoc
692 1895 814 1936 potest
841 1890 988 1935 reperiri
1012 1899 1121 1925 causa
1149 1889 1312 1935 praecisa
1339 1890 1385 1925 de
1414 1888 1574 1935 planetis
1598 1887 1812 1934 splendidis,
1836 1893 1876 1924 ut

597 1946 761 1981 maxime
792 1947 839 1981 de
871 1946 950 1981 sole
975 1950 1013 1982 et
1047 1946 1143 1989 luna,
1171 1951 1209 1981 et
1235 1946 1390 1988 Venere,
1416 1951 1454 1981 et
1484 1945 1676 1990 Mercurio,
1705 1950 1743 1981 et
1772 1945 1877 1990 Jove,

597 2014 708 2049 quare
726 2015 799 2039 non
817 2004 1019 2039 scintillant
1034 2017 1041 2045 ;
1068 2004 1152 2050 quia
1173 2005 1272 2039 visus
1290 2004 1462 2039 aestimat
1481 2003 1543 2038 ilia
1563 2004 1656 2038 bene
1674 2008 1712 2038 et
1729 2007 1877 2048 reputat

597 2073 664 2108 per
695 2072 923 2108 consequens
952 2073 994 2097 ea
1028 2073 1108 2097 esse
1141 2061 1394 2108 propinquius,
1416 2061 1618 2098 secundum
1652 2061 1752 2107 quod
1787 2060 1879 2097 dicit

598 2118 830 2155 Ptolemaeus
852 2119 888 2154 in
914 2118 1010 2154 libro
1037 2118 1254 2166 Opticorum
1279 2118 1452 2159 secundo,
1482 2119 1583 2165 quod
1607 2118 1812 2166 splendida,
1836 2125 1878 2154 ut

597 2176 651 2212 eol
670 2182 707 2212 et
724 2176 819 2219 luna,
839 2181 1054 2222 reputantur
1071 2188 1210 2222 prope;
1241 2188 1335 2222 quae
1351 2188 1439 2212 vero
1458 2176 1576 2211 minus
1594 2181 1678 2211 sunt
1696 2176 1878 2211 luminosa

598 2245 672 2269 non
697 2234 757 2269 sic.
809 2233 859 2269 Et
890 2234 979 2270 dicit
1005 2233 1174 2270 Alhazen
1201 2234 1237 2270 in
1265 2235 1382 2275 tertio,
1410 2235 1509 2280 quod
1538 2232 1638 2270 color
1665 2233 1767 2269 sortis
1792 2232 1878 2269 licet

597 2291 646 2327 sit
670 2291 846 2327 remotior
868 2297 994 2327 tamen
1019 2297 1172 2338 apparet
1200 2290 1452 2338 propinquior,
1476 2290 1562 2336 quia
1587 2290 1681 2325 bene
1707 2291 1878 2327 {mmutat

597 2349 741 2390 visum;
774 2353 812 2384 et
839 2349 926 2394 quia
952 2349 1003 2384 sic
1034 2354 1101 2390 est,
1124 2349 1225 2383 visus
1256 2360 1327 2384 non
1359 2353 1513 2383 conatur
1542 2348 1636 2383 circa
1665 2347 1876 2393 huiusmodi

599 2404 775 2452 planetas,
799 2412 839 2442 et
862 2407 948 2441 ideo
972 2417 1049 2442 non
1073 2404 1280 2442 involvitur.
1343 2407 1534 2440 Praeterea
1558 2405 1758 2440 secuudum
1784 2406 1878 2441 veri-

597 2469 712 2499 tatem
730 2470 817 2499 sunt
832 2463 1113 2510 propinquiores
1137 2463 1253 2499 stellis
1279 2462 1373 2507 fixis,
1390 2469 1426 2498 et
1452 2462 1535 2498 ideo
1559 2463 1698 2509 species
1723 2462 1878 2498 debilior

596 2525 698 2560 venit
724 2526 770 2560 ad
795 2526 912 2561 visum
939 2537 961 2560 a
986 2524 1102 2561 stellis
1127 2524 1223 2564 fixis,
1244 2529 1282 2560 et
1305 2524 1445 2571 species
1469 2524 1569 2559 visus
1594 2522 1804 2560 debilitatur
1829 2535 1878 2560 ex

597 2582 771 2618 distantia
792 2589 829 2618 et
848 2583 930 2618 ideo
947 2583 1063 2629 magis
1079 2589 1234 2618 conatur
1250 2582 1345 2617 circa
1363 2581 1488 2618 stellas
1510 2580 1615 2616 fixas.

410 2649 570 2691 objtptiom
648 2639 759 2685 Quod
781 2640 812 2675 si
839 2640 981 2675 dicatur
1006 2640 1104 2686 quod
1131 2640 1250 2685 magis
1276 2644 1430 2674 conatur
1454 2638 1582 2674 oculus
1607 2639 1643 2673 in
1669 2639 1878 2673 contuendo

410 2684 566 2756 ffiffissigg'
599 2696 724 2733 stellas
764 2697 923 2733 minutas
954 2709 1065 2743 quam
1101 2698 1272 2743 majores,
1303 2709 1392 2743 ergo
1430 2696 1536 2732 citius
1570 2697 1639 2731 erit
1676 2695 1878 2738 involutio;

409 2758 557 2785 discuued-
598 2754 792 2791 dicendum
828 2761 892 2797 est,
921 2754 1021 2800 quod
1050 2753 1121 2790 alia
1150 2765 1272 2799 causa,
1299 2765 1396 2800 quae
1421 2759 1476 2790 est
1501 2764 1613 2799 penes
1634 2752 1878 2799 splendorem,

597 2811 722 2847 deficit
747 2812 783 2846 in
810 2812 872 2847 eis.
926 2812 977 2847 Et
994 2812 1026 2847 si
1049 2813 1192 2847 dicatur
1212 2812 1314 2858 quod
1334 2816 1487 2847 conatus
1512 2812 1581 2846 iste
1605 2811 1652 2846 sit
1676 2811 1878 2846 secundum

596 2868 823 2905 voluntatem
845 2867 1013 2912 hominis,
1030 2881 1119 2914 ergo
1143 2868 1193 2904 ab
1219 2868 1367 2904 arbitrio
1392 2868 1470 2914 ejus
1494 2868 1687 2914 dependet,
1705 2878 1816 2914 quare
1843 2867 1879 2903 in

596 2932 781 2973 potestate
799 2926 879 2973 ejus
897 2932 952 2962 est
977 2926 1034 2961 hic
1061 2931 1236 2969 conatum
1263 2937 1352 2972 ergo
1375 2926 1578 2973 aequaliter
1603 2931 1728 2972 potest
1753 2925 1878 2960 conari
