2350 3580
617 514 684 548 472
911 502 1011 535 MUL
1017 501 1201 535 TJPLICA
1207 500 1284 533 Tlo
1311 499 1594 533 SPECIERUM.

617 593 803 640 duplicem
831 592 1054 635 fractionem,
1078 591 1174 627 sicut
1202 595 1306 636 patet
1338 590 1374 625 in
1401 589 1527 635 figura.
1589 589 1640 625 Et
1671 589 1768 625 sicut
1797 600 1907 635 super

620 650 959 700 perpendicularem
978 649 1213 695 principalem
1231 657 1449 683 concurrunt
1466 651 1540 683 duo
1557 647 1648 683 radii
1668 646 1707 682 in
1726 652 1906 692 puuctum

622 720 734 745 unum
752 719 817 754 per
832 706 1015 753 duplicem
1033 706 1260 748 fractionem,
1275 706 1327 742 sic
1346 704 1624 751 intelligendum
1641 709 1703 739 oet
1723 705 1774 739 de
1789 704 1907 739 omni-

621 766 693 802 bus
716 765 828 802 radiis
852 764 1073 801 exeuntibus
1097 764 1145 799 ab
1172 763 1302 799 eodem
1327 767 1465 808 puncto
1489 761 1585 804 solis,
1603 761 1668 807 qui
1689 767 1780 797 sunt
1802 761 1907 796 nobis

624 822 766 859 infiniti.

1093 942 1342 978 curruum
1366 941 1434 977 1v.

439 1044 572 1088 Cela-tid
674 1038 874 1084 Postquam
891 1043 1016 1074 autem
1035 1037 1229 1074 manifesta
1246 1043 1302 1074 est
1318 1037 1477 1073 varietas
1498 1037 1589 1073 haec
1609 1036 1646 1072 in
1662 1035 1910 1073 fractionibus

440 1082 593 1111 “¹³⁰⁰OE
626 1096 828 1143 specierum
865 1100 904 1130 et
944 1095 1121 1131 virtutum
1161 1095 1348 1140 agentium
1386 1094 1726 1140 multiplicatamm,
1760 1098 1912 1140 oportet

626 1154 856 1190 considerare
873 1153 909 1188 in
927 1153 1060 1199 quibus
1077 1152 1290 1198 corporibus
1307 1153 1436 1188 mundi
1453 1151 1716 1198 principalibus
1734 1150 1911 1198 possibile

627 1216 685 1247 est
709 1210 785 1247 fieri
819 1210 916 1246 hanc
945 1209 1169 1253 fractionem,
1193 1217 1233 1245 ut
1263 1210 1431 1246 videatur
1459 1210 1497 1245 in
1526 1209 1660 1255 quibus
1689 1208 1912 1254 frangantur

627 1268 781 1305 virtutes
808 1267 995 1303 coelorum
1021 1273 1059 1303 et
1088 1268 1124 1302 in
1154 1267 1288 1314 quibus
1320 1278 1403 1304 non.
1453 1266 1522 1302 Per
1544 1266 1615 1303 hoc
1649 1267 1749 1301 enim
1775 1264 1912 1301 certifi-

628 1325 772 1361 cabitur
788 1329 917 1370 postea
934 1325 1125 1360 diversitas
1143 1324 1298 1359 actionis
1315 1324 1500 1359 stellarum
1526 1324 1561 1359 in
1579 1324 1703 1359 omnia
1728 1323 1910 1359 inferiora.

443 1387 493 1430 1310
506 1386 602 1430 [eft-e-
681 1382 731 1418 Et
751 1383 872 1429 primo
894 1383 1095 1418 secundum
1113 1383 1214 1427 quod
1232 1382 1268 1417 in
1290 1393 1443 1427 corpore
1466 1381 1614 1416 coelesti
1633 1392 1707 1416 non
1727 1380 1769 1416 fit
1786 1380 1913 1426 aliqua

443 1429 567 1487 ¹5ss
631 1436 761 1473 fractio
782 1437 962 1473 sensibilis
984 1448 1052 1473 nec
1072 1437 1120 1472 de
1142 1448 1216 1482 qua
1238 1436 1439 1471 curandum
1463 1441 1529 1479 est,
1546 1441 1695 1482 propter
1719 1434 1912 1471 uniformi·

494 1503 564 1538 Um,
632 1500 748 1531 tatem
772 1494 940 1530 coelestis
963 1494 1154 1540 perspicui.
1206 1494 1352 1529 Fractio
1374 1494 1472 1530 enim
1496 1504 1568 1528 non
1592 1498 1649 1528 est
1671 1493 1742 1528 nisi
1759 1493 1912 1538 quando

444 1536 553 1603 δαεὶς,
603 1548 605 1550 ’
632 1552 786 1588 occurrit
811 1562 944 1597 corpus
967 1552 1169 1588 secundum
1194 1550 1344 1587 alterius
1371 1550 1678 1597 diaphaneitatis;
1707 1551 1774 1585 sed
1802 1550 1912 1585 orboe

446 1603 573 1667 gffigm-
634 1610 810 1646 coelestes
844 1614 929 1645 sunt
962 1609 1128 1657 ejusdem
1160 1608 1457 1655 diaphaneitatis,
1489 1613 1554 1643 aut
1585 1607 1812 1653 simpliciter,
1846 1612 1912 1642 aut

633 1667 756 1713 quoad
773 1678 921 1703 sensum
939 1671 1129 1709 nostrum3
1155 1671 1304 1712 propter
1321 1666 1420 1711 quod
1436 1666 1524 1702 radii
1543 1664 1731 1701 stellarum
1750 1664 1912 1700 fixarum

634 1736 707 1760 non
726 1729 942 1771 reputantur
958 1723 1076 1770 frangi
1094 1724 1128 1758 in
1146 1723 1312 1769 sphaeris
1328 1723 1572 1769 planetarum,
1586 1733 1653 1758 nec
1670 1723 1763 1758 radii
1782 1723 1913 1768 plane-

635 1787 753 1817 tarum
774 1783 998 1827 superiorum
1024 1782 1059 1816 in
1081 1780 1244 1826 sphaeris
1270 1780 1489 1822 inferiorum,
1505 1781 1673 1827 quamvis
1701 1780 1776 1816 sint
1801 1781 1913 1816 orbes

635 1839 797 1884 contigui
823 1844 860 1876 et
886 1839 1108 1876 diversarum
1137 1838 1419 1883 superficierum.
1468 1838 1531 1874 Ad
1562 1837 1777 1874 fractionem
1802 1838 1914 1878 enim,

637 1903 677 1932 ut
694 1897 784 1932 satis
800 1903 940 1932 tactum
958 1903 1014 1931 est
1036 1897 1233 1932 secundum
1251 1897 1474 1932 documenta
1497 1901 1699 1936 auctorum,
1717 1896 1914 1940 requiritur

636 1955 737 2001 quod
759 1965 892 2000 corpus
914 1954 1114 1989 secundum
1138 1954 1186 1988 sit
1211 1953 1359 1989 alterius
1375 1953 1657 1999 diaphaneitatis
1678 1964 1700 1988 a
1723 1953 1859 1998 primo,
1876 1958 1914 1988 et

637 2012 707 2047 hoc
724 2011 954 2054 sensibiliter,
967 2013 997 2047 si
1013 2011 1193 2057 judicium
1207 2017 1371 2047 nostrum
1385 2011 1519 2046 debeat
1532 2021 1612 2045 esse
1628 2010 1688 2045 hic
1702 2016 1744 2046 ut
1756 2016 1914 2052 curetur,

638 2069 738 2105 unde
755 2080 828 2106 non
847 2070 1027 2106 invenitur
1051 2080 1115 2115 per
1136 2069 1378 2104 instrumenta
1400 2069 1593 2105 diversitas
1616 2067 1800 2102 sensibilis
1817 2078 1915 2113 quae

638 2131 848 2163 causaretur
869 2137 918 2161 ex
942 2126 1117 2161 fractione
1139 2125 1176 2162 in
1199 2125 1313 2168 coelo,
1329 2136 1397 2162 nec
1416 2132 1584 2161 auctores
1604 2125 1676 2161 hoc
1694 2125 1917 2170 percipiunt,

638 2185 703 2220 sed
719 2189 934 2229 supponunt
951 2194 1024 2218 non
1042 2194 1132 2220 esse.

454 2254 612 2283 Refmetion
689 2241 763 2277 Sed
791 2242 826 2276 in
852 2240 1043 2286 superficie
1070 2239 1189 2287 ignis¹
1214 2240 1430 2287 franguntur
1454 2251 1582 2276 omnes
1606 2240 1699 2275 radii
1727 2251 1804 2275 non
1834 2252 1917 2286 per·

453 2291 600 2370 ἓξξὲῗὲξξ
642 2299 914 2345 pendiculares;
942 2305 980 2335 et
1002 2299 1072 2335 hoc
1099 2299 1179 2334 vult
1203 2299 1434 2335 Ptolemaeus
1456 2299 1586 2344 quinto
1607 2298 1855 2343 Aspectuum‚
1879 2304 1917 2334 et

454 2364 536 2391 ornu-
642 2356 809 2392 Alhazen
835 2356 871 2392 in
895 2358 1064 2402 septimo,
1081 2362 1119 2392 et
1142 2357 1397 2394 demonstrant
1422 2356 1491 2393 hoc
1516 2366 1581 2401 per
1604 2356 1920 2391 considerationes

454 2399 600 2471 ἷξζζῖζῗῃξῖ
643 2415 978 2450 instrumentorum.
1029 2414 1080 2451 Et
1093 2420 1240 2460 propter
1251 2414 1558 2460 pulchritudinem
1576 2413 1705 2448 harum
1716 2413 1918 2449 veritatum

642 2477 679 2507 et
719 2471 955 2517 probationis,
972 2472 1060 2507 volo
1096 2472 1248 2508 recitare
1281 2471 1392 2507 verba
1427 2470 1542 2506 multa
1574 2470 1756 2505 dictorum
1795 2470 1918 2515 philo-

641 2529 851 2575 sophomm‚
884 2535 1065 2574 quatenus
1097 2530 1304 2566 evidentius
1342 2534 1380 2563 et
1413 2530 1547 2563 certius
1584 2533 1788 2573 appareant
1821 2539 1919 2573 quae

678 2611 688 2628 ¹
708 2612 733 2639 lt
751 2610 811 2638 will
829 2611 865 2638 be
884 2619 954 2638 seen
975 2612 1047 2639 from
1062 2612 1119 2639 this
1135 2620 1256 2647 passage
1269 2612 1331 2639 that
1343 2612 1393 2639 the
1411 2611 1516 2646 sphere
1536 2610 1570 2637 os
1585 2610 1636 2637 flre
1649 2618 1710 2637 was
1722 2610 1866 2643 regarded
1887 2620 1920 2639 as

643 2655 787 2688 identicnl,
799 2663 834 2681 or
844 2658 874 2682 at
886 2663 944 2688 any
956 2659 1018 2682 rate
1034 2663 1067 2682 as
1084 2655 1117 2682 os
1129 2656 1180 2682 the
1192 2663 1269 2682 same
1283 2655 1409 2688 density,
1424 2655 1494 2681 with
1508 2654 1558 2681 the
1574 2653 1680 2688 sphere
1693 2653 1726 2680 os
1739 2654 1792 2681 air.
1831 2653 1922 2681 Later

642 2708 682 2727 on
701 2700 730 2726 in
750 2698 806 2726 this
824 2698 951 2733 chapter,
968 2707 1017 2733 pp.
1028 2700 1128 2733 476-7‚
1145 2698 1203 2726 this
1223 2699 1249 2726 is
1267 2698 1429 2733 explained.
1474 2698 1536 2724 The
1553 2705 1640 2732 space
1657 2697 1798 2732 occupied
1817 2697 1855 2732 by
1868 2698 1921 2725 the

643 2742 793 2778 planetary
804 2742 860 2769 and
872 2742 969 2769 stell-r
982 2742 1104 2777 spheres
1116 2751 1176 2770 was
1187 2742 1343 2769 conceived
1356 2746 1387 2769 to
1399 2741 1435 2768 be
1447 2741 1591 2777 pervaded
1603 2740 1642 2775 by
1654 2740 1745 2769 ether.
