2350 3580
594 707 661 744 320
841 697 1013 730 OPERIS
1039 697 1250 737 MAJoRIS
1276 697 1403 730 PARS
1429 696 1651 730 SEPTIMA.

596 788 819 826 imbecillum
850 788 1179 835 impatientemque
1211 788 1370 825 reddidit
1404 791 1645 835 praesumpta
1672 786 1800 833 opinio
1832 786 1878 822 de

596 858 671 883 non
688 846 863 896 timendis
879 846 1061 882 terribilia.

409 910 456 938 Ad
470 910 544 938 Mu·
644 906 652 922 ¹
666 905 810 940 Deinde
834 905 932 950 quod
958 903 1124 940 naturale
1148 908 1205 940 est
1230 915 1303 940 non
1327 903 1507 939 decrescit
1534 915 1658 946 mora3
1682 899 1874 939 dolorem·

410 947 513 1020 ξ’ὦᾛ,
526 990 555 1020 ⁹·
596 968 719 998 autem
738 962 835 999 ‘dies
848 961 959 1008 longa
974 960 1180 998 consumit?
1215 960 1290 998 Sed
1310 961 1410 997 dices
1425 964 1433 979 ¹
1447 960 1534 997 Non
1554 960 1678 1008 putavi
1696 959 1875 997 futurum.

597 1019 806 1067 Quicquam
823 1026 863 1056 tu
881 1026 990 1067 putas
1008 1030 1081 1054 non
1108 1018 1272 1054 futurum
1294 1019 1394 1065 quod
1421 1018 1545 1054 multis
1563 1018 1634 1054 scis
1655 1028 1766 1066 posse
1785 1016 1875 1058 fieri.

595 1079 695 1124 quod
724 1077 848 1113 multis
872 1077 974 1112 vides
1000 1077 1192 1112 evenisse?
1243 1075 1443 1123 Egzegium
1470 1087 1612 1112 versum
1645 1081 1684 1112 et
1718 1074 1876 1122 dignum

597 1136 659 1182 qui
679 1145 752 1170 non
772 1146 792 1170 e
812 1128 950 1181 pabulo
967 1134 1097 1174 exiret.

791 1210 916 1248 Cuivis
930 1215 1050 1258 potest
1071 1209 1230 1245 accidere
1253 1210 1350 1257 quod
1369 1209 1536 1257 cuiquam
1553 1214 1684 1257 potest.

643 1289 652 1306 ‘
669 1286 735 1323 Ille
757 1288 881 1323 amisit
903 1287 1059 1330 1iberos;
1094 1292 1131 1322 et
1157 1292 1196 1323 tu
1222 1287 1392 1323 amittere
1416 1293 1532 1334 potes.
1583 1286 1652 1322 Ille
1676 1287 1876 1323 dannatus

595 1350 672 1387 een
704 1350 742 1381 et
768 1350 835 1381 tua
862 1344 1072 1380 innocentia
1094 1344 1164 1380 sub
1192 1344 1265 1380 ictu
1294 1349 1361 1381 est.
1412 1344 1547 1380 Terror
1568 1344 1704 1392 decipit
1727 1343 1789 1380 hie
1807 1371 1817 1381 .
1837 1369 1847 1380 .
1865 1369 1875 1379 .

595 1402 712 1440 aufert
728 1403 803 1440 vim
821 1402 1072 1450 praesentibus
1092 1402 1196 1438 malis
1214 1402 1275 1448 qui
1292 1401 1414 1437 futura
1430 1403 1628 1449 prospexit.
1645 1448 1647 1453 Ι

410 1468 482 1504 Cap.
499 1475 539 1496 ιο.
646 1461 852 1507 ‘Quicquid
879 1466 936 1496 est
960 1460 1039 1504 hoc¹
1065 1460 1217 1503 Marcia,
1244 1461 1343 1505 quod
1376 1461 1474 1495 circa
1498 1471 1566 1495 nos
1591 1471 1641 1495 ex
1665 1459 1875 1496 adventicio

595 1518 724 1564 fulget,
757 1518 870 1558 liberi.
905 1517 1072 1560 honores,
1104 1529 1205 1564 opes,
1239 1516 1361 1564 ampla
1396 1516 1501 1561 atria,
1534 1516 1725 1554 clientium
1755 1516 1875 1556 turba.

597 1575 728 1611 referta
750 1574 933 1611 vestibula
959 1601 966 1610 .
994 1601 1003 1611 .
1030 1601 1039 1610 .
1063 1581 1281 1621 caeteraque
1305 1586 1354 1610 ex
1380 1575 1516 1612 incerta
1543 1581 1578 1611 et
1613 1574 1740 1611 mobili
1774 1581 1876 1611 sorte

596 1632 803 1678 pendentia,
846 1632 952 1668 alieni
996 1629 1330 1681 commodati[que]
1374 1632 1571 1678 adparatus
1610 1637 1707 1668 sunt.
1770 1631 1875 1668 Nihil

598 1689 726 1726 horum
744 1691 843 1726 dono
863 1691 990 1733 datm-3
1017 1689 1205 1725 collaticiis
1225 1695 1262 1725 et
1285 1690 1332 1725 ad
1356 1690 1527 1726 dominos
1552 1689 1718 1726 redituris
1743 1688 1875 1725 instru-

599 1748 732 1784 mentis
749 1758 859 1783 scena
875 1747 1083 1783 adornatur.
1136 1746 1224 1783 Alia
1241 1758 1291 1783 ex
1307 1747 1365 1783 his
1387 1747 1505 1794 primo
1527 1747 1598 1789 die,
1623 1747 1694 1783 alia
1711 1747 1876 1784 seeundo

599 1805 808 1848 referentur,
826 1816 939 1852 pauca
958 1816 1074 1851 usque
1097 1805 1143 1840 ad
1168 1804 1280 1840 finem
1303 1805 1598 1849 perseverabunt.
1621 1798 1627 1805 ’
1651 1805 1783 1850 Itaque
1799 1815 1874 1840 non

599 1868 655 1898 est
671 1863 770 1909 quod
790 1874 857 1898 nos
872 1863 1114 1908 suspiciamus
1130 1868 1308 1908 tanquam
1327 1863 1421 1898 inter
1439 1868 1563 1898 nostra
1585 1863 1720 1909 positi:
1747 1868 1876 1898 mutua

599 1920 819 1966 accepimus.
870 1919 970 1956 Usus
999 1920 1210 1966 fructusque
1243 1927 1366 1956 noster
1399 1926 1466 1963 est,
1496 1919 1601 1966 cujus
1631 1925 1780 1967 tempus
1815 1918 1876 1956 ine

599 1979 735 2014 arbiter
752 1978 910 2014 muneris
926 1977 1006 2013 sui!
1034 1978 1137 2013 Deus
1152 1983 1351 2024 temperat:
1382 1989 1450 2014 noa
1472 1983 1617 2025 oportet
1641 1977 1676 2014 in
1698 1983 1876 2025 promptu

599 2036 732 2071 habere
757 2047 852 2080 quae
877 2035 912 2070 in
939 2036 1117 2070 incertum
1143 2035 1239 2070 diem
1265 2036 1352 2071 data
1383 2039 1478 2075 sunt,
1505 2039 1543 2070 et
1567 2034 1772 2081 adpellatos
1795 2036 1878 2071 sine

599 2092 748 2138 querela
771 2093 930 2128 reddere.
982 2093 1133 2129 Pessimi
1159 2092 1334 2129 debitoris
1360 2099 1415 2129 est
1441 2093 1609 2129 creditori
1643 2091 1760 2130 facere
1788 2105 1876 2129 cou-

599 2150 735 2186 vicium
752 2176 761 2185 .
779 2176 787 2185 .
806 2177 815 2186 .
832 2150 953 2197 Saepe
974 2149 1228 2186 admonendus
1245 2156 1301 2186 est
1322 2151 1475 2194 animus,
1492 2155 1594 2186 amet
1616 2155 1658 2187 ut
1678 2161 1876 2195 recessura,

600 2208 717 2242 immo
746 2212 919 2253 tanquam
947 2208 1163 2242 recedentia.
1214 2207 1399 2253 Quicquid
1431 2219 1454 2242 a
1481 2208 1625 2243 fortuna
1649 2208 1778 2245 datum
1804 2212 1876 2252 est,

600 2271 777 2311 tanquam
797 2270 1014 2309 exemptum
1043 2270 1191 2299 auctore
1216 2265 1404 2311 possideas
1423 2290 1432 2298 .
1450 2290 1459 2299 .
1477 2291 1487 2300 .,
1506 2264 1608 2300 Nihil
1629 2267 1676 2301 de
1696 2266 1876 2301 hodierna

601 2327 708 2358 nocte
732 2321 961 2369 promittitur
979 2348 986 2356 .
1006 2348 1014 2358 .
1032 2347 1041 2356 .
1059 2321 1148 2357 nihil
1174 2322 1221 2357 de
1245 2321 1314 2357 hac
1339 2322 1439 2357 hora.
1501 2320 1765 2358 Festinandum
1795 2329 1878 2364 est;

599 2380 757 2415 instatur
775 2391 795 2414 a
809 2385 912 2424 tergo
930 2407 939 2415 .
957 2407 965 2416 .
983 2407 989 2413 .
1010 2379 1157 2424 Rapina
1172 2390 1293 2415 rerum
1307 2380 1470 2416 omnium
1485 2384 1538 2414 est
1556 2391 1565 2423 ;
1592 2380 1712 2417 miseri
1726 2380 1877 2417 nescitis

600 2437 686 2483 fuga
703 2435 846 2472 vivere.¹

415 2502 486 2539 Cap.
503 2509 541 2529 u.
648 2494 657 2511 ‘
670 2493 769 2540 Quid
787 2504 881 2541 opus
899 2500 954 2530 est
977 2500 1099 2540 partes
1119 2493 1279 2530 deflere?
1303 2493 1530 2530 tota-flebilis
1546 2495 1621 2531 vita
1637 2500 1705 2531 est.
1754 2494 1877 2542 Urge-

599 2553 690 2587 bunt
725 2563 819 2586 nova
852 2553 1081 2587 incommoda
1117 2552 1330 2599 priusquam
1363 2552 1545 2590 veteribus
1576 2552 1795 2590 satisfeceris
1812 2581 1822 2590 .
1838 2580 1847 2590 .
1866 2580 1877 2591 .

601 2609 701 2655 Quid
735 2616 790 2644 est
815 2609 952 2644 homo?
977 2610 1169 2655 quodlibet
1194 2621 1365 2655 quassum
1390 2622 1456 2646 vas
1481 2616 1518 2646 et
1543 2611 1710 2657 quolibet
1746 2609 1877 2658 fragile

597 2666 750 2713 jaciatu.
801 2666 886 2702 Non
932 2673 1152 2713 tempestate
1196 2678 1327 2713 magua
1370 2674 1410 2703 ut
1450 2669 1632 2715 dissiperis
1674 2674 1729 2704 est
1769 2680 1876 2715 opus.

603 2725 838 2771 Ubicumque
855 2724 1063 2760 arietaveris
1079 2724 1240 2760 solveris.
1292 2723 1390 2770 Quid
1410 2731 1463 2762 est
1487 2725 1625 2762 homo?
1652 2726 1877 2763 Imbecillum

601 2793 730 2827 corpus
757 2786 794 2817 et
818 2782 953 2829 fragile,
970 2782 1121 2825 nudum,
1145 2787 1276 2826 suapte
1303 2788 1432 2817 natura
1461 2783 1606 2826 inerme,
1632 2783 1773 2820 alienae
1794 2785 1876 2831 opis

600 2840 779 2885 indigens,
797 2840 843 2875 ad
863 2840 983 2875 οιῃῃίε
1001 2839 1168 2875 fortunae
1185 2840 1424 2875 contumelias
1447 2841 1652 2886 projectum
1669 2866 1678 2875 .
1696 2867 1706 2877 .
1723 2868 1733 2878 .
1753 2841 1878 2888 cujus-

926 2937 934 2955 ¹
957 2939 1037 2965 Deus
1050 2939 1072 2966 is
1088 2939 1279 2974 intel-pointed
1292 2939 1361 2966 here
1374 2939 1412 2974 by
1426 2939 1534 2966 Bacon.
