2350 3580
631 501 677 546 38
879 499 1052 534 OPERIS
1078 496 1287 538 MAJORIS
1313 495 1440 529 PARS
1468 493 1659 536 QUINTA.

630 591 815 628 fractionis
841 590 1011 637 superius
1039 587 1304 626 determinatas
1335 585 1435 632 quod
1464 595 1593 634 omnes
1627 580 1769 619 lineae¹
1796 579 1909 617 decli-

631 654 761 686 nantes
787 647 1000 695 frangantur
1026 647 1062 683 in
1095 644 1287 692 superficie
1314 655 1479 680 corneae.
1530 642 1582 678 Et
1606 641 1695 688 quia
1723 650 1830 676 casus
1858 637 1907 674 ad

631 706 786 753 angulos
811 705 1024 752 inaequales
1047 703 1216 741 debilitat
1248 701 1417 748 speciem,
1443 706 1482 737 et
1506 699 1673 736 similiter
1700 696 1841 741 fractio,
1869 701 1909 731 et

631 763 943 811 perpendicularis
958 763 1120 798 incessus
1136 766 1193 797 est
1208 760 1323 802 sortis,
1341 760 1425 796 ideo
1443 757 1584 806 species
1597 752 1910 803 perpendicularis

630 821 793 857 occultat
814 832 942 857 omnes
958 820 1193 861 declinantes,
1208 819 1302 855 sicut
1319 817 1386 853 lux
1403 817 1520 863 major
1548 820 1586 852 et
1602 815 1730 851 fortior
1745 812 1910 848 occultat

632 878 766 915 multas
796 878 937 915 debiles
970 878 1079 921 luces,
1113 882 1154 918 ut
1183 877 1250 912 lux
1277 875 1367 912 solis
1394 875 1495 910 luces
1530 871 1719 909 stellarum
1749 869 1909 906 infinitas

1145 934 1317 977 occultat,
1347 933 1445 969 unde
1476 932 1524 968 ad
1551 931 1572 967 b
1601 934 1781 978 punctum
1806 927 1909 964 venit

862 972 881 1002 ᾳ
1047 986 1073 1010 α
1147 990 1455 1039 perpendicularis
1471 988 1520 1024 ab
1537 988 1617 1035 ipso
1632 999 1660 1030 c,
1677 991 1715 1023 et
1737 987 1785 1023 ad
1808 985 1907 1022 idem

1145 1048 1167 1085 b
1185 1048 1286 1084 venit
1302 1060 1327 1084 a
1344 1048 1365 1084 b
1382 1058 1455 1083 non
1481 1043 1799 1093 perpendicularis,
1822 1054 1907 1078 cum

1144 1117 1219 1142 non
1248 1106 1358 1142 cadat
1382 1105 1430 1140 ad
1451 1109 1617 1140 centrum
1636 1102 1746 1146 oculi,
1762 1106 1800 1137 et
1823 1100 1907 1136 ideo

1144 1163 1352 1200 occultatur
1376 1162 1517 1209 species
1538 1161 1653 1207 ipsius
1678 1172 1713 1202 a,
1738 1159 1908 1206 quamvis

1144 1233 1166 1257 a
1199 1226 1339 1269 puncto
1371 1219 1393 1255 b
1424 1219 1540 1267 possit
1567 1218 1708 1265 species
1741 1217 1855 1264 ipsius
1883 1228 1909 1251 a

1143 1280 1267 1315 venire
1293 1278 1341 1314 ad
1367 1276 1560 1325 glacialem
1590 1287 1655 1323 per
1679 1275 1813 1311 lineam
1837 1274 1859 1310 b
1882 1274 1912 1309 d

1144 1337 1298 1374 fractam
1308 1348 1317 1380 ;
1327 1340 1364 1371 et
1373 1336 1456 1371 ideo
1467 1345 1580 1381 penes
1591 1332 1908 1380 perpendiculares

1144 1400 1200 1431 est
1225 1394 1415 1441 judicium.
1467 1392 1518 1428 Et
1544 1391 1629 1439 quia
1656 1390 1796 1439 species
1824 1401 1908 1436 per-

1144 1451 1395 1500 pendiculares
1419 1456 1505 1486 sunt
1527 1449 1722 1486 distinctae
1746 1454 1784 1484 et
1808 1447 1908 1484 ordi·

1145 1515 1254 1546 natae
1274 1509 1310 1544 in
1333 1507 1526 1555 superficie
1547 1507 1658 1550 visus,
1674 1506 1758 1542 ideo
1774 1505 1909 1542 accidit

629 1567 819 1604 distinctio
830 1566 855 1602 ⁸.
922 1567 1089 1613 Pyramis
1123 1578 1212 1613 ergo
1249 1565 1598 1613 perpendiculariter
1632 1564 1784 1616 ueniens
1820 1563 1908 1600 facit

628 1625 748 1661 visum
781 1626 876 1661 adeo
915 1624 1059 1666 fortem,
1096 1630 1137 1661 ut
1173 1636 1238 1670 per
1273 1624 1354 1671 ejus
1387 1622 1636 1660 fortitudinem
1678 1621 1909 1658 occultentur

629 1682 769 1718 formae
799 1681 1037 1726 declinantes,
1063 1688 1101 1718 et
1138 1681 1375 1718 nihilominus
1407 1682 1623 1717 distinctum
1658 1686 1699 1716 ut
1731 1679 1909 1717 excludat

630 1739 879 1776 confusionem
914 1750 1009 1786 quae
1041 1740 1204 1776 accidere
1232 1736 1379 1776 'videtur
1412 1751 1460 1776 ex
1496 1739 1606 1775 radiis
1639 1737 1908 1774 declinantibus

801 1493 869 1521 Fxo.
883 1500 917 1529 ²9
925 1491 944 1521 ³.

631 1797 782 1833 infinitis
806 1797 869 1843 qui
895 1802 1081 1843 occupant
1104 1797 1299 1844 quodlibet
1323 1803 1502 1844 punctum
1524 1796 1699 1843 pupillae.
1740 1796 1792 1832 Et
1814 1795 1906 1831 haec

630 1855 792 1901 pyramis
816 1854 952 1890 dicitur
968 1855 1131 1901 pyramis
1146 1855 1297 1891 visualis
1313 1861 1351 1891 et
1368 1855 1521 1899 radiosa,
1538 1866 1605 1902 per
1620 1864 1733 1900 quam
1751 1852 1792 1889 fit
1809 1853 1907 1889 visus

629 1911 887 1959 principaliter.

443 1974 527 2001 some
540 1972 614 2000 how·
681 1970 767 2005 Hoc
793 1970 887 2011 dico,
916 1969 1003 2016 quia
1029 1969 1119 2007 radii
1152 1976 1334 2008 exeuntes
1359 1982 1382 2007 a
1408 1976 1547 2018 puncto
1576 1968 1627 2007 rei
1656 1982 1678 2007 a
1707 1982 1784 2017 quo
1807 1969 1907 2006 venit

442 2009 558 2074 21⁸5,ssss
567 2018 608 2037 ἐ’
629 2027 768 2075 species
787 2027 1097 2074 perpendicularis
1119 2029 1168 2064 ad
1186 2034 1364 2075 punctum
1385 2028 1493 2073 oculi,
1509 2028 1595 2064 licet
1618 2039 1690 2064 non
1709 2028 1844 2064 cadant
1870 2028 1907 2063 in

443 2089 506 2145 ¹¹²2
517 2081 584 2146 1²:¹¹⁸
628 2085 732 2121 illum
756 2090 932 2131 punctum
958 2086 1105 2129 directe,
1122 2087 1188 2122 sed
1206 2087 1253 2122 ad
1271 2087 1341 2123 alia
1366 2092 1513 2133 puncta,
1530 2092 1654 2122 tamen
1680 2090 1833 2133 possunt
1858 2085 1907 2121 ab

443 2127 539 2182 finon.
628 2142 708 2178 aliis
726 2142 873 2189 punctis
884 2142 920 2178 in
931 2153 1027 2189 quae
1039 2143 1178 2179 cadunt
1192 2144 1408 2190 pertingere,
1423 2155 1488 2190 per
1501 2144 1714 2179 fractionem
1725 2143 1760 2179 in
1773 2142 1908 2179 tunicis

628 2199 735 2245 oculi,
751 2200 798 2236 ad
822 2200 979 2236 eundem
1002 2200 1123 2236 locum
1143 2200 1306 2248 glacialis
1326 2207 1364 2237 et
1385 2202 1484 2237 nervi
1502 2201 1706 2237 communis
1728 2200 1773 2236 ad
1794 2212 1906 2248 quem

627 2258 768 2305 species
794 2258 1105 2305 perpendicularis
1129 2270 1241 2305 super
1257 2259 1405 2296 oculum
1422 2259 1522 2295 venit
1544 2259 1593 2295 ab
1613 2259 1743 2295 eodem
1767 2264 1907 2305 puncto

628 2315 690 2357 rei,
715 2328 738 2351 a
760 2327 835 2362 quo
854 2316 1006 2352 veniunt
1031 2315 1115 2353 illae
1138 2316 1363 2353 declinantes
1377 2329 1385 2361 ;
1413 2316 1454 2353 ht
1486 2316 1539 2352 sic
1564 2316 1812 2352 abundantius
1841 2315 1905 2352 fiat

626 2373 718 2409 visio
739 2374 937 2420 cujuslibet
958 2374 1072 2420 partis
1094 2374 1144 2409 rei
1164 2374 1274 2416 visae,
1300 2385 1384 2411 cum
1401 2375 1569 2410 videatur
1592 2385 1657 2421 per
1675 2374 1798 2410 radios
1818 2385 1907 2410 suos

629 2435 749 2466 rectos
781 2436 818 2467 et
850 2431 995 2467 fractos.
1046 2431 1122 2468 Sed
1151 2432 1200 2468 de
1232 2431 1302 2467 hoc
1332 2431 1395 2468 fiet
1426 2432 1563 2468 mentio
1593 2433 1628 2467 in
1654 2432 1713 2468 his
1737 2444 1833 2479 quae
1859 2433 1907 2470 de

628 2488 803 2525 fractione
827 2488 1008 2525 dicentur.
1055 2489 1185 2535 Atque
1209 2494 1403 2536 propteroa
1427 2490 1506 2525 dixi
1531 2489 1607 2525 fieri
1631 2490 1750 2525 visum
1773 2490 1907 2537 princi-

666 2596 674 2613 ¹
694 2597 767 2632 ill-e,
782 2596 810 2631 J.
1375 2597 1387 2615 ¹
1405 2598 1468 2626 The
1482 2599 1571 2634 figure
1585 2600 1609 2626 is
1621 2600 1742 2627 omitted
1754 2599 1783 2626 in
1795 2599 1823 2633 J.

663 2640 674 2657 ⁸
691 2641 752 2668 The
767 2641 888 2677 reading
900 2641 929 2669 in
941 2641 979 2671 Ο.
993 2642 1027 2676 is.
1043 2645 1051 2658 ‘
1061 2642 1164 2670 accidit
1178 2642 1329 2676 distinctio,
1340 2646 1372 2670 ut
1382 2651 1434 2677 per
1447 2643 1509 2677 ejus
1523 2643 1715 2671 fortitudinem
1728 2643 1908 2671 occultentur

629 2683 736 2712 form-e
748 2685 935 2713 declinantes.
975 2685 1105 2721 Pyr-mis
1125 2686 1187 2721 ejus
1206 2686 1480 2722 perpendiculariter
1498 2686 1618 2714 veniens
1636 2686 1702 2714 facit
1720 2687 1795 2714 tdeo
1813 2687 1906 2715 visum

626 2727 727 2756 fortem
739 2732 768 2755 et
781 2728 967 2757 nihilominus
978 2729 1144 2757 distinctum
1157 2734 1189 2757 ut
1201 2729 1336 2757 excludat
1348 2730 1567 2764 confusior-ems
1580 2732 1633 2758 διε.
