<?xml version="1.0" encoding="UTF-8"?>
<!DOCTYPE html PUBLIC "-//W3C//DTD XHTML 1.0 Transitional//EN"
    "http://www.w3.org/TR/xhtml1/DTD/xhtml1-transitional.dtd">
<html xmlns="http://www.w3.org/1999/xhtml" xml:lang="en" lang="en">
 <head>
  <title>
</title>
<meta http-equiv="Content-Type" content="text/html;charset=utf-8" />
  <meta name='ocr-system' content='tesseract 3.04.00' />
  <meta name='ocr-capabilities' content='ocr_page ocr_carea ocr_par ocr_line ocrx_word'/>
</head>
<body>
  <div class='ocr_page' id='page_1' title='image "./opusmajusrogerb00bridgoog/opusmajusrogerb00bridgoog_0363.png"; bbox 0 0 2350 3580; ppageno 0'>
   <div class='ocr_carea' id='block_1_1' title="bbox 633 701 1756 745">
    <p class='ocr_par' dir='ltr' id='par_1_1' title="bbox 633 701 1756 745">
     <span class='ocr_line' id='line_1_1' title="bbox 633 701 1756 745; baseline -0.006 -4"><span class='ocrx_word' id='word_1_1' title='bbox 633 706 850 741; x_wconf 69' lang='lat' dir='ltr'><em>MORALIS</em></span> <span class='ocrx_word' id='word_1_2' title='bbox 876 702 1204 739; x_wconf 76' lang='lat' dir='ltr'><em>PHILOSOPHIA</em></span> <span class='ocrx_word' id='word_1_3' title='bbox 1216 715 1229 736; x_wconf 93' lang='lat'>.·</span> <span class='ocrx_word' id='word_1_4' title='bbox 1266 702 1394 737; x_wconf 78' lang='lat' dir='ltr'><em>PARS</em></span> <span class='ocrx_word' id='word_1_5' title='bbox 1425 701 1608 736; x_wconf 68' lang='lat' dir='ltr'><em>TERTIA.</em></span> <span class='ocrx_word' id='word_1_6' title='bbox 1691 709 1756 745; x_wconf 77' lang='lat'>351</span> 
     </span>
    </p>
   </div>
   <div class='ocr_carea' id='block_1_2' title="bbox 480 792 1926 2977">
    <p class='ocr_par' dir='ltr' id='par_1_2' title="bbox 480 792 1763 1364">
     <span class='ocr_line' id='line_1_2' title="bbox 480 792 1759 841; baseline -0.005 -6"><span class='ocrx_word' id='word_1_7' title='bbox 480 796 593 835; x_wconf 77' lang='lat' dir='ltr'>aliter</span> <span class='ocrx_word' id='word_1_8' title='bbox 616 797 777 835; x_wconf 76' lang='lat' dir='ltr'>dixerim</span> <span class='ocrx_word' id='word_1_9' title='bbox 803 797 861 834; x_wconf 81' lang='lat' dir='ltr'>his</span> <span class='ocrx_word' id='word_1_10' title='bbox 887 795 1071 832; x_wconf 72' lang='lat' dir='ltr'>mentibus</span> <span class='ocrx_word' id='word_1_11' title='bbox 1104 795 1142 830; x_wconf 88' lang='lat' dir='ltr'>in</span> <span class='ocrx_word' id='word_1_12' title='bbox 1174 806 1268 841; x_wconf 73' lang='lat' dir='ltr'>quas</span> <span class='ocrx_word' id='word_1_13' title='bbox 1290 795 1511 841; x_wconf 72' lang='lat' dir='ltr'>eupiditate·</span> <span class='ocrx_word' id='word_1_14' title='bbox 1534 795 1636 831; x_wconf 81' lang='lat' dir='ltr'>velut</span> <span class='ocrx_word' id='word_1_15' title='bbox 1661 792 1759 830; x_wconf 84' lang='lat' dir='ltr'>mala</span> 
     </span>
     <span class='ocr_line' id='line_1_3' title="bbox 482 851 1758 902; baseline -0.003 -10"><span class='ocrx_word' id='word_1_16' title='bbox 482 855 607 892; x_wconf 82' lang='lat' dir='ltr'>ulcera</span> <span class='ocrx_word' id='word_1_17' title='bbox 619 859 828 902; x_wconf 77' lang='lat' dir='ltr'>eruperunt,</span> <span class='ocrx_word' id='word_1_18' title='bbox 839 854 1023 900; x_wconf 76' lang='lat' dir='ltr'>voluptati</span> <span class='ocrx_word' id='word_1_19' title='bbox 1037 865 1117 889; x_wconf 73' lang='lat' dir='ltr'>esse</span> <span class='ocrx_word' id='word_1_20' title='bbox 1128 852 1295 889; x_wconf 83' lang='lat' dir='ltr'>laborem</span> <span class='ocrx_word' id='word_1_21' title='bbox 1308 854 1625 899; x_wconf 70' lang='lat' dir='ltr'>vexationemque.</span> <span class='ocrx_word' id='word_1_22' title='bbox 1661 851 1758 888; x_wconf 81' lang='lat' dir='ltr'>Sunt</span> 
     </span>
     <span class='ocr_line' id='line_1_4' title="bbox 481 910 1759 960; baseline -0.002 -11"><span class='ocrx_word' id='word_1_23' title='bbox 481 912 583 949; x_wconf 84' lang='lat' dir='ltr'>enim</span> <span class='ocrx_word' id='word_1_24' title='bbox 602 912 783 960; x_wconf 65' lang='lat' dir='ltr'>quaedam</span> <span class='ocrx_word' id='word_1_25' title='bbox 803 922 900 958; x_wconf 82' lang='lat' dir='ltr'>quae</span> <span class='ocrx_word' id='word_1_26' title='bbox 914 922 1048 958; x_wconf 76' lang='lat' dir='ltr'>corpus</span> <span class='ocrx_word' id='word_1_27' title='bbox 1063 921 1212 957; x_wconf 86' lang='lat' dir='ltr'>quoque</span> <span class='ocrx_word' id='word_1_28' title='bbox 1229 916 1395 948; x_wconf 66' lang='lat' dir='ltr'>nostrum</span> <span class='ocrx_word' id='word_1_29' title='bbox 1419 937 1427 947; x_wconf 89' lang='lat'><em>.</em></span> <span class='ocrx_word' id='word_1_30' title='bbox 1446 937 1454 946; x_wconf 92' lang='lat'>.</span> <span class='ocrx_word' id='word_1_31' title='bbox 1474 937 1483 944; x_wconf 95' lang='lat'>.</span> <span class='ocrx_word' id='word_1_32' title='bbox 1506 910 1698 952; x_wconf 79' lang='lat' dir='ltr'>delectent,</span> <span class='ocrx_word' id='word_1_33' title='bbox 1717 918 1759 946; x_wconf 85' lang='lat' dir='ltr'>ut</span> 
     </span>
     <span class='ocr_line' id='line_1_5' title="bbox 480 958 1758 1014; baseline -0.003 -7"><span class='ocrx_word' id='word_1_34' title='bbox 480 981 627 1007; x_wconf 68' lang='lat' dir='ltr'>vereare</span> <span class='ocrx_word' id='word_1_35' title='bbox 648 981 690 1006; x_wconf 75' lang='lat' dir='ltr'>ee</span> <span class='ocrx_word' id='word_1_36' title='bbox 706 958 751 1006; x_wconf 62' lang='lat' dir='ltr'>et‘</span> <span class='ocrx_word' id='word_1_37' title='bbox 765 975 906 1006; x_wconf 80' lang='lat' dir='ltr'>mutare</span> <span class='ocrx_word' id='word_1_38' title='bbox 926 968 1092 1005; x_wconf 82' lang='lat' dir='ltr'>nondum</span> <span class='ocrx_word' id='word_1_39' title='bbox 1116 967 1253 1005; x_wconf 76' lang='lat' dir='ltr'>fessum</span> <span class='ocrx_word' id='word_1_40' title='bbox 1271 968 1377 1013; x_wconf 69' lang='lat' dir='ltr'>latus,</span> <span class='ocrx_word' id='word_1_41' title='bbox 1392 973 1432 1004; x_wconf 89' lang='lat' dir='ltr'>et</span> <span class='ocrx_word' id='word_1_42' title='bbox 1452 968 1527 1004; x_wconf 81' lang='lat' dir='ltr'>alio</span> <span class='ocrx_word' id='word_1_43' title='bbox 1548 972 1662 1014; x_wconf 80' lang='lat' dir='ltr'>atque</span> <span class='ocrx_word' id='word_1_44' title='bbox 1685 968 1758 1004; x_wconf 86' lang='lat' dir='ltr'>aiio</span> 
     </span>
     <span class='ocr_line' id='line_1_6' title="bbox 483 1026 1760 1074; baseline -0.001 -10"><span class='ocrx_word' id='word_1_45' title='bbox 483 1029 608 1074; x_wconf 68' lang='lat' dir='ltr'>positu</span> <span class='ocrx_word' id='word_1_46' title='bbox 623 1027 800 1064; x_wconf 78' lang='lat' dir='ltr'>ventilari.</span> <span class='ocrx_word' id='word_1_47' title='bbox 819 1052 829 1064; x_wconf 91' lang='lat'><strong>.</strong></span> <span class='ocrx_word' id='word_1_48' title='bbox 846 1053 856 1062; x_wconf 94' lang='lat'>.</span> <span class='ocrx_word' id='word_1_49' title='bbox 874 1053 882 1062; x_wconf 88' lang='lat'>.</span> <span class='ocrx_word' id='word_1_50' title='bbox 900 1027 1093 1072; x_wconf 84' lang='lat' dir='ltr'>Proprium</span> <span class='ocrx_word' id='word_1_51' title='bbox 1112 1027 1213 1073; x_wconf 80' lang='lat' dir='ltr'>aegri</span> <span class='ocrx_word' id='word_1_52' title='bbox 1230 1031 1285 1062; x_wconf 83' lang='lat' dir='ltr'>est</span> <span class='ocrx_word' id='word_1_53' title='bbox 1303 1026 1394 1063; x_wconf 84' lang='lat' dir='ltr'>nihil</span> <span class='ocrx_word' id='word_1_54' title='bbox 1410 1027 1472 1063; x_wconf 89' lang='lat' dir='ltr'>diu</span> <span class='ocrx_word' id='word_1_55' title='bbox 1489 1028 1566 1073; x_wconf 78' lang='lat' dir='ltr'>pati</span> <span class='ocrx_word' id='word_1_56' title='bbox 1583 1033 1622 1064; x_wconf 88' lang='lat' dir='ltr'>et</span> <span class='ocrx_word' id='word_1_57' title='bbox 1638 1031 1760 1063; x_wconf 79' lang='lat' dir='ltr'>muta-</span> 
     </span>
     <span class='ocr_line' id='line_1_7' title="bbox 481 1085 1759 1127; baseline 0 -5"><span class='ocrx_word' id='word_1_58' title='bbox 481 1085 646 1122; x_wconf 72' lang='lat' dir='ltr'>tionibus</span> <span class='ocrx_word' id='word_1_59' title='bbox 656 1091 698 1121; x_wconf 85' lang='lat' dir='ltr'>ut</span> <span class='ocrx_word' id='word_1_60' title='bbox 708 1085 877 1122; x_wconf 78' lang='lat' dir='ltr'>remediis</span> <span class='ocrx_word' id='word_1_61' title='bbox 887 1085 951 1121; x_wconf 82' lang='lat' dir='ltr'>uti.</span> <span class='ocrx_word' id='word_1_62' title='bbox 966 1112 974 1121; x_wconf 95' lang='lat'>.</span> <span class='ocrx_word' id='word_1_63' title='bbox 990 1111 1000 1121; x_wconf 91' lang='lat'>.</span> <span class='ocrx_word' id='word_1_64' title='bbox 1012 1110 1021 1120; x_wconf 94' lang='lat'>.</span> <span class='ocrx_word' id='word_1_65' title='bbox 1037 1085 1178 1121; x_wconf 83' lang='lat' dir='ltr'>Infirmi</span> <span class='ocrx_word' id='word_1_66' title='bbox 1190 1097 1315 1122; x_wconf 74' lang='lat' dir='ltr'>sumus</span> <span class='ocrx_word' id='word_1_67' title='bbox 1330 1086 1379 1122; x_wconf 84' lang='lat' dir='ltr'>ad</span> <span class='ocrx_word' id='word_1_68' title='bbox 1396 1097 1505 1122; x_wconf 85' lang='lat' dir='ltr'>omne</span> <span class='ocrx_word' id='word_1_69' title='bbox 1517 1086 1759 1127; x_wconf 77' lang='lat' dir='ltr'>tolerandum,</span> 
     </span>
     <span class='ocr_line' id='line_1_8' title="bbox 483 1142 1760 1191; baseline -0.001 -11"><span class='ocrx_word' id='word_1_70' title='bbox 483 1153 553 1180; x_wconf 82' lang='lat' dir='ltr'>nee</span> <span class='ocrx_word' id='word_1_71' title='bbox 576 1142 715 1180; x_wconf 80' lang='lat' dir='ltr'>laboris</span> <span class='ocrx_word' id='word_1_72' title='bbox 735 1144 918 1191; x_wconf 73' lang='lat' dir='ltr'>patimten</span> <span class='ocrx_word' id='word_1_73' title='bbox 932 1153 1001 1180; x_wconf 83' lang='lat' dir='ltr'>nec</span> <span class='ocrx_word' id='word_1_74' title='bbox 1017 1142 1230 1190; x_wconf 75' lang='lat' dir='ltr'>voluptatis,</span> <span class='ocrx_word' id='word_1_75' title='bbox 1246 1154 1315 1180; x_wconf 81' lang='lat' dir='ltr'>nec</span> <span class='ocrx_word' id='word_1_76' title='bbox 1332 1149 1480 1180; x_wconf 77' lang='lat' dir='ltr'>nostrae</span> <span class='ocrx_word' id='word_1_77' title='bbox 1495 1154 1563 1180; x_wconf 86' lang='lat' dir='ltr'>nec</span> <span class='ocrx_word' id='word_1_78' title='bbox 1581 1143 1687 1180; x_wconf 84' lang='lat' dir='ltr'>ullius</span> <span class='ocrx_word' id='word_1_79' title='bbox 1709 1143 1760 1179; x_wconf 84' lang='lat' dir='ltr'>rei</span> 
     </span>
     <span class='ocr_line' id='line_1_9' title="bbox 483 1201 1763 1249; baseline 0.001 -12"><span class='ocrx_word' id='word_1_80' title='bbox 483 1201 634 1238; x_wconf 81' lang='lat' dir='ltr'>diutius.</span> <span class='ocrx_word' id='word_1_81' title='bbox 686 1201 772 1238; x_wconf 82' lang='lat' dir='ltr'>Hoc</span> <span class='ocrx_word' id='word_1_82' title='bbox 786 1201 968 1248; x_wconf 75' lang='lat' dir='ltr'>quosdam</span> <span class='ocrx_word' id='word_1_83' title='bbox 985 1201 1062 1248; x_wconf 83' lang='lat' dir='ltr'>egit</span> <span class='ocrx_word' id='word_1_84' title='bbox 1081 1201 1129 1237; x_wconf 81' lang='lat' dir='ltr'>ad</span> <span class='ocrx_word' id='word_1_85' title='bbox 1148 1207 1316 1244; x_wconf 82' lang='lat' dir='ltr'>mortem,</span> <span class='ocrx_word' id='word_1_86' title='bbox 1330 1202 1429 1248; x_wconf 84' lang='lat' dir='ltr'>quod</span> <span class='ocrx_word' id='word_1_87' title='bbox 1447 1201 1636 1249; x_wconf 79' lang='lat' dir='ltr'>proposita</span> <span class='ocrx_word' id='word_1_88' title='bbox 1654 1212 1763 1248; x_wconf 75' lang='lat' dir='ltr'>saepe</span> 
     </span>
     <span class='ocr_line' id='line_1_10' title="bbox 483 1258 1763 1305; baseline -0.001 -10"><span class='ocrx_word' id='word_1_89' title='bbox 483 1260 664 1295; x_wconf 82' lang='lat' dir='ltr'>mutando</span> <span class='ocrx_word' id='word_1_90' title='bbox 688 1260 726 1294; x_wconf 81' lang='lat' dir='ltr'>in</span> <span class='ocrx_word' id='word_1_91' title='bbox 740 1259 881 1295; x_wconf 75' lang='lat' dir='ltr'>&#39;eedem</span> <span class='ocrx_word' id='word_1_92' title='bbox 901 1259 1185 1294; x_wconf 80' lang='lat' dir='ltr'>revolvebantur</span> <span class='ocrx_word' id='word_1_93' title='bbox 1202 1265 1241 1295; x_wconf 84' lang='lat' dir='ltr'>et</span> <span class='ocrx_word' id='word_1_94' title='bbox 1265 1270 1340 1294; x_wconf 85' lang='lat' dir='ltr'>non</span> <span class='ocrx_word' id='word_1_95' title='bbox 1360 1259 1582 1305; x_wconf 79' lang='lat' dir='ltr'>reliquerant</span> <span class='ocrx_word' id='word_1_96' title='bbox 1607 1258 1763 1295; x_wconf 85' lang='lat' dir='ltr'>novitati</span> 
     </span>
     <span class='ocr_line' id='line_1_11' title="bbox 484 1316 1589 1364; baseline -0.001 -11"><span class='ocrx_word' id='word_1_97' title='bbox 484 1316 618 1353; x_wconf 84' lang='lat' dir='ltr'>locum.</span> <span class='ocrx_word' id='word_1_98' title='bbox 669 1316 835 1353; x_wconf 73' lang='lat' dir='ltr'>Fastidio</span> <span class='ocrx_word' id='word_1_99' title='bbox 849 1328 929 1352; x_wconf 76' lang='lat' dir='ltr'>esee</span> <span class='ocrx_word' id='word_1_100' title='bbox 945 1316 1014 1353; x_wconf 79' lang='lat' dir='ltr'>illis</span> <span class='ocrx_word' id='word_1_101' title='bbox 1031 1316 1151 1364; x_wconf 81' lang='lat' dir='ltr'>coepit</span> <span class='ocrx_word' id='word_1_102' title='bbox 1168 1318 1245 1353; x_wconf 79' lang='lat' dir='ltr'>vita</span> <span class='ocrx_word' id='word_1_103' title='bbox 1261 1323 1299 1353; x_wconf 84' lang='lat' dir='ltr'>et</span> <span class='ocrx_word' id='word_1_104' title='bbox 1316 1318 1394 1363; x_wconf 76' lang='lat' dir='ltr'>ipse</span> <span class='ocrx_word' id='word_1_105' title='bbox 1412 1316 1589 1354; x_wconf 60' lang='lat' dir='ltr'>mundus!</span> 
     </span>
    </p>

    <p class='ocr_par' dir='ltr' id='par_1_3' title="bbox 484 1373 1926 2056">
     <span class='ocr_line' id='line_1_12' title="bbox 536 1373 1920 1422; baseline -0.001 -11"><span class='ocrx_word' id='word_1_106' title='bbox 536 1374 682 1411; x_wconf 88' lang='lat' dir='ltr'>Deinde</span> <span class='ocrx_word' id='word_1_107' title='bbox 703 1375 865 1411; x_wconf 86' lang='lat' dir='ltr'>remedia</span> <span class='ocrx_word' id='word_1_108' title='bbox 888 1374 994 1411; x_wconf 76' lang='lat' dir='ltr'>infert</span> <span class='ocrx_word' id='word_1_109' title='bbox 1014 1381 1143 1410; x_wconf 82' lang='lat' dir='ltr'>contra</span> <span class='ocrx_word' id='word_1_110' title='bbox 1163 1375 1257 1411; x_wconf 81' lang='lat' dir='ltr'>haec</span> <span class='ocrx_word' id='word_1_111' title='bbox 1274 1375 1370 1412; x_wconf 81' lang='lat' dir='ltr'>vitia.</span> <span class='ocrx_word' id='word_1_112' title='bbox 1423 1376 1473 1412; x_wconf 86' lang='lat' dir='ltr'>Et</span> <span class='ocrx_word' id='word_1_113' title='bbox 1498 1375 1618 1422; x_wconf 84' lang='lat' dir='ltr'>primo</span> <span class='ocrx_word' id='word_1_114' title='bbox 1643 1373 1763 1421; x_wconf 83' lang='lat' dir='ltr'>tangit</span> <span class='ocrx_word' id='word_1_115' title='bbox 1777 1375 1920 1420; x_wconf 63' lang='lat' dir='ltr'>Dq&#39;lsnn-</span> 
     </span>
     <span class='ocr_line' id='line_1_13' title="bbox 484 1412 1926 1486; baseline -0.001 -17"><span class='ocrx_word' id='word_1_116' title='bbox 484 1443 599 1480; x_wconf 71' lang='lat' dir='ltr'>super</span> <span class='ocrx_word' id='word_1_117' title='bbox 614 1432 823 1480; x_wconf 82' lang='lat' dir='ltr'>opinionem</span> <span class='ocrx_word' id='word_1_118' title='bbox 849 1432 1008 1468; x_wconf 82' lang='lat' dir='ltr'>alienam</span> <span class='ocrx_word' id='word_1_119' title='bbox 1026 1433 1161 1474; x_wconf 85' lang='lat' dir='ltr'>dicens,</span> <span class='ocrx_word' id='word_1_120' title='bbox 1181 1436 1189 1452; x_wconf 81' lang='lat'><strong>¹</strong></span> <span class='ocrx_word' id='word_1_121' title='bbox 1201 1433 1390 1469; x_wconf 76' lang='lat' dir='ltr'>Adversus</span> <span class='ocrx_word' id='word_1_122' title='bbox 1407 1433 1482 1469; x_wconf 73' lang='lat' dir='ltr'>&#39;hoc</span> <span class='ocrx_word' id='word_1_123' title='bbox 1501 1433 1667 1469; x_wconf 84' lang='lat' dir='ltr'>taedium</span> <span class='ocrx_word' id='word_1_124' title='bbox 1689 1443 1764 1478; x_wconf 90' lang='lat' dir='ltr'>quo</span> <span class='ocrx_word' id='word_1_125' title='bbox 1777 1412 1926 1486; x_wconf 42' lang='lat' dir='ltr'>“ff-¹¹3¹*</span> 
     </span>
     <span class='ocr_line' id='line_1_14' title="bbox 485 1489 1763 1536; baseline -0.001 -10"><span class='ocrx_word' id='word_1_126' title='bbox 485 1490 630 1526; x_wconf 76' lang='lat' dir='ltr'>auxilio</span> <span class='ocrx_word' id='word_1_127' title='bbox 645 1496 775 1536; x_wconf 82' lang='lat' dir='ltr'>putem</span> <span class='ocrx_word' id='word_1_128' title='bbox 792 1491 970 1526; x_wconf 85' lang='lat' dir='ltr'>utendum</span> <span class='ocrx_word' id='word_1_129' title='bbox 986 1492 1139 1536; x_wconf 84' lang='lat' dir='ltr'>quaeris.</span> <span class='ocrx_word' id='word_1_130' title='bbox 1170 1491 1363 1536; x_wconf 83' lang='lat' dir='ltr'>Optimum</span> <span class='ocrx_word' id='word_1_131' title='bbox 1375 1496 1464 1534; x_wconf 87' lang='lat' dir='ltr'>erat,</span> <span class='ocrx_word' id='word_1_132' title='bbox 1475 1496 1516 1526; x_wconf 90' lang='lat' dir='ltr'>ut</span> <span class='ocrx_word' id='word_1_133' title='bbox 1527 1492 1578 1527; x_wconf 85' lang='lat' dir='ltr'>ait</span> <span class='ocrx_word' id='word_1_134' title='bbox 1594 1489 1763 1526; x_wconf 78' lang='lat' dir='ltr'>Atheno-</span> 
     </span>
     <span class='ocr_line' id='line_1_15' title="bbox 486 1546 1765 1595; baseline -0.001 -11"><span class='ocrx_word' id='word_1_135' title='bbox 486 1548 613 1592; x_wconf 76' lang='lat' dir='ltr'>dorm,</span> <span class='ocrx_word' id='word_1_136' title='bbox 627 1548 775 1584; x_wconf 79' lang='lat' dir='ltr'>actione</span> <span class='ocrx_word' id='word_1_137' title='bbox 790 1558 909 1584; x_wconf 84' lang='lat' dir='ltr'>rerum</span> <span class='ocrx_word' id='word_1_138' title='bbox 928 1554 967 1584; x_wconf 92' lang='lat' dir='ltr'>et</span> <span class='ocrx_word' id='word_1_139' title='bbox 986 1550 1037 1584; x_wconf 88' lang='lat' dir='ltr'>rei</span> <span class='ocrx_word' id='word_1_140' title='bbox 1053 1549 1226 1595; x_wconf 74' lang='lat' dir='ltr'>publioee</span> <span class='ocrx_word' id='word_1_141' title='bbox 1243 1549 1458 1584; x_wconf 65' lang='lat' dir='ltr'>tractatione</span> <span class='ocrx_word' id='word_1_142' title='bbox 1478 1554 1515 1584; x_wconf 90' lang='lat' dir='ltr'>et</span> <span class='ocrx_word' id='word_1_143' title='bbox 1533 1548 1661 1584; x_wconf 69' lang='lat' dir='ltr'>officiis</span> <span class='ocrx_word' id='word_1_144' title='bbox 1681 1546 1765 1583; x_wconf 82' lang='lat' dir='ltr'>civi-</span> 
     </span>
     <span class='ocr_line' id='line_1_16' title="bbox 487 1604 1766 1652; baseline 0 -10"><span class='ocrx_word' id='word_1_145' title='bbox 487 1604 585 1642; x_wconf 78' lang='lat' dir='ltr'>libus</span> <span class='ocrx_word' id='word_1_146' title='bbox 601 1616 641 1642; x_wconf 71' lang='lat' dir='ltr'>ee</span> <span class='ocrx_word' id='word_1_147' title='bbox 657 1605 835 1642; x_wconf 81' lang='lat' dir='ltr'>detinere.</span> <span class='ocrx_word' id='word_1_148' title='bbox 885 1605 982 1642; x_wconf 87' lang='lat' dir='ltr'>Nam</span> <span class='ocrx_word' id='word_1_149' title='bbox 999 1612 1040 1642; x_wconf 86' lang='lat' dir='ltr'>ut</span> <span class='ocrx_word' id='word_1_150' title='bbox 1057 1606 1205 1652; x_wconf 85' lang='lat' dir='ltr'>quidam</span> <span class='ocrx_word' id='word_1_151' title='bbox 1222 1606 1299 1642; x_wconf 81' lang='lat' dir='ltr'>sole</span> <span class='ocrx_word' id='word_1_152' title='bbox 1314 1612 1427 1652; x_wconf 85' lang='lat' dir='ltr'>atque</span> <span class='ocrx_word' id='word_1_153' title='bbox 1446 1605 1712 1642; x_wconf 82' lang='lat' dir='ltr'>exercitatione</span> <span class='ocrx_word' id='word_1_154' title='bbox 1728 1609 1766 1641; x_wconf 87' lang='lat' dir='ltr'>et</span> 
     </span>
     <span class='ocr_line' id='line_1_17' title="bbox 488 1663 1767 1710; baseline 0 -12"><span class='ocrx_word' id='word_1_155' title='bbox 488 1673 578 1698; x_wconf 83' lang='lat' dir='ltr'>cura</span> <span class='ocrx_word' id='word_1_156' title='bbox 599 1663 766 1708; x_wconf 83' lang='lat' dir='ltr'>corporis</span> <span class='ocrx_word' id='word_1_157' title='bbox 788 1664 889 1698; x_wconf 84' lang='lat' dir='ltr'>diem</span> <span class='ocrx_word' id='word_1_158' title='bbox 909 1663 1059 1707; x_wconf 83' lang='lat' dir='ltr'>ducunt,</span> <span class='ocrx_word' id='word_1_159' title='bbox 1077 1663 1301 1710; x_wconf 78' lang='lat' dir='ltr'>athletisque</span> <span class='ocrx_word' id='word_1_160' title='bbox 1325 1664 1434 1710; x_wconf 83' lang='lat' dir='ltr'>longe</span> <span class='ocrx_word' id='word_1_161' title='bbox 1461 1663 1692 1699; x_wconf 79' lang='lat' dir='ltr'>utilissimum</span> <span class='ocrx_word' id='word_1_162' title='bbox 1709 1667 1767 1698; x_wconf 76' lang='lat' dir='ltr'>est</span> 
     </span>
     <span class='ocr_line' id='line_1_18' title="bbox 489 1718 1767 1768; baseline -0.001 -12"><span class='ocrx_word' id='word_1_163' title='bbox 489 1718 647 1757; x_wconf 76' lang='lat' dir='ltr'>lacertos</span> <span class='ocrx_word' id='word_1_164' title='bbox 655 1732 742 1756; x_wconf 78' lang='lat' dir='ltr'>suos</span> <span class='ocrx_word' id='word_1_165' title='bbox 752 1721 946 1767; x_wconf 73' lang='lat' dir='ltr'>roburque,</span> <span class='ocrx_word' id='word_1_166' title='bbox 960 1722 1019 1756; x_wconf 84' lang='lat' dir='ltr'>cui</span> <span class='ocrx_word' id='word_1_167' title='bbox 1032 1733 1072 1757; x_wconf 77' lang='lat' dir='ltr'>se</span> <span class='ocrx_word' id='word_1_168' title='bbox 1084 1722 1145 1756; x_wconf 87' lang='lat' dir='ltr'>uni</span> <span class='ocrx_word' id='word_1_169' title='bbox 1157 1722 1427 1765; x_wconf 81' lang='lat' dir='ltr'>dedicaverunt,</span> <span class='ocrx_word' id='word_1_170' title='bbox 1439 1722 1578 1768; x_wconf 86' lang='lat' dir='ltr'>majore</span> <span class='ocrx_word' id='word_1_171' title='bbox 1589 1721 1767 1767; x_wconf 84' lang='lat' dir='ltr'>temporis</span> 
     </span>
     <span class='ocr_line' id='line_1_19' title="bbox 490 1778 1768 1825; baseline -0.001 -11"><span class='ocrx_word' id='word_1_172' title='bbox 490 1783 598 1825; x_wconf 79' lang='lat' dir='ltr'>parte</span> <span class='ocrx_word' id='word_1_173' title='bbox 621 1779 766 1814; x_wconf 85' lang='lat' dir='ltr'>nutrire.</span> <span class='ocrx_word' id='word_1_174' title='bbox 785 1780 838 1814; x_wconf 82' lang='lat' dir='ltr'>ita</span> <span class='ocrx_word' id='word_1_175' title='bbox 857 1778 963 1814; x_wconf 80' lang='lat' dir='ltr'>vobis</span> <span class='ocrx_word' id='word_1_176' title='bbox 982 1778 1147 1814; x_wconf 86' lang='lat' dir='ltr'>animum</span> <span class='ocrx_word' id='word_1_177' title='bbox 1168 1779 1216 1814; x_wconf 85' lang='lat' dir='ltr'>ad</span> <span class='ocrx_word' id='word_1_178' title='bbox 1248 1790 1365 1815; x_wconf 87' lang='lat' dir='ltr'>rerum</span> <span class='ocrx_word' id='word_1_179' title='bbox 1396 1778 1556 1815; x_wconf 82' lang='lat' dir='ltr'>civilium</span> <span class='ocrx_word' id='word_1_180' title='bbox 1583 1785 1768 1814; x_wconf 84' lang='lat' dir='ltr'>certamen</span> 
     </span>
     <span class='ocr_line' id='line_1_20' title="bbox 488 1835 1767 1883; baseline 0 -13"><span class='ocrx_word' id='word_1_181' title='bbox 488 1835 704 1881; x_wconf 79' lang='lat' dir='ltr'>parantibus</span> <span class='ocrx_word' id='word_1_182' title='bbox 730 1836 766 1871; x_wconf 89' lang='lat' dir='ltr'>in</span> <span class='ocrx_word' id='word_1_183' title='bbox 791 1846 902 1880; x_wconf 80' lang='lat' dir='ltr'>opere</span> <span class='ocrx_word' id='word_1_184' title='bbox 921 1847 1001 1872; x_wconf 78' lang='lat' dir='ltr'>esse</span> <span class='ocrx_word' id='word_1_185' title='bbox 1018 1835 1128 1883; x_wconf 83' lang='lat' dir='ltr'>longe</span> <span class='ocrx_word' id='word_1_186' title='bbox 1150 1836 1434 1883; x_wconf 83' lang='lat' dir='ltr'>pulcherrimum</span> <span class='ocrx_word' id='word_1_187' title='bbox 1452 1841 1516 1872; x_wconf 62' lang='lat' dir='ltr'>est.</span> <span class='ocrx_word' id='word_1_188' title='bbox 1569 1836 1665 1872; x_wconf 84' lang='lat' dir='ltr'>Nam</span> <span class='ocrx_word' id='word_1_189' title='bbox 1685 1846 1767 1871; x_wconf 83' lang='lat' dir='ltr'>cum</span> 
     </span>
     <span class='ocr_line' id='line_1_21' title="bbox 490 1892 1767 1940; baseline 0 -12"><span class='ocrx_word' id='word_1_190' title='bbox 490 1892 621 1928; x_wconf 81' lang='lat' dir='ltr'>utilem</span> <span class='ocrx_word' id='word_1_191' title='bbox 644 1904 686 1928; x_wconf 81' lang='lat' dir='ltr'>se</span> <span class='ocrx_word' id='word_1_192' title='bbox 713 1893 856 1935; x_wconf 78' lang='lat' dir='ltr'>efficere</span> <span class='ocrx_word' id='word_1_193' title='bbox 882 1894 1021 1929; x_wconf 82' lang='lat' dir='ltr'>civibus</span> <span class='ocrx_word' id='word_1_194' title='bbox 1048 1894 1339 1940; x_wconf 69' lang='lat' dir='ltr'>mortalibusque</span> <span class='ocrx_word' id='word_1_195' title='bbox 1367 1894 1596 1940; x_wconf 69' lang='lat' dir='ltr'>propositum</span> <span class='ocrx_word' id='word_1_196' title='bbox 1621 1893 1767 1933; x_wconf 84' lang='lat' dir='ltr'>habeat,</span> 
     </span>
     <span class='ocr_line' id='line_1_22' title="bbox 489 1944 1768 1998; baseline 0 -11"><span class='ocrx_word' id='word_1_197' title='bbox 489 1949 600 1987; x_wconf 68' lang='lat' dir='ltr'>simul</span> <span class='ocrx_word' id='word_1_198' title='bbox 624 1956 664 1987; x_wconf 83' lang='lat' dir='ltr'>et</span> <span class='ocrx_word' id='word_1_199' title='bbox 685 1956 878 1987; x_wconf 81' lang='lat' dir='ltr'>exercetur</span> <span class='ocrx_word' id='word_1_200' title='bbox 901 1957 938 1987; x_wconf 88' lang='lat' dir='ltr'>et</span> <span class='ocrx_word' id='word_1_201' title='bbox 963 1951 1108 1998; x_wconf 81' lang='lat' dir='ltr'>proficit</span> <span class='ocrx_word' id='word_1_202' title='bbox 1132 1952 1196 1997; x_wconf 87' lang='lat' dir='ltr'>qui</span> <span class='ocrx_word' id='word_1_203' title='bbox 1219 1952 1257 1987; x_wconf 88' lang='lat' dir='ltr'>in</span> <span class='ocrx_word' id='word_1_204' title='bbox 1276 1944 1416 1988; x_wconf 72' lang='lat' dir='ltr'>‘mediis</span> <span class='ocrx_word' id='word_1_205' title='bbox 1435 1963 1476 1988; x_wconf 81' lang='lat' dir='ltr'>se</span> <span class='ocrx_word' id='word_1_206' title='bbox 1492 1951 1616 1988; x_wconf 82' lang='lat' dir='ltr'>officiis</span> <span class='ocrx_word' id='word_1_207' title='bbox 1633 1950 1768 1998; x_wconf 80' lang='lat' dir='ltr'>posuit,</span> 
     </span>
     <span class='ocr_line' id='line_1_23' title="bbox 489 2007 1506 2056; baseline 0 -12"><span class='ocrx_word' id='word_1_208' title='bbox 489 2007 701 2045; x_wconf 78' lang='lat' dir='ltr'>eomunia</span> <span class='ocrx_word' id='word_1_209' title='bbox 720 2009 934 2056; x_wconf 79' lang='lat' dir='ltr'>privataque</span> <span class='ocrx_word' id='word_1_210' title='bbox 950 2020 1019 2055; x_wconf 84' lang='lat' dir='ltr'>pro</span> <span class='ocrx_word' id='word_1_211' title='bbox 1034 2009 1210 2046; x_wconf 78' lang='lat' dir='ltr'>facultate</span> <span class='ocrx_word' id='word_1_212' title='bbox 1225 2008 1506 2046; x_wconf 63' lang='lat' dir='ltr'>administrans!</span> 
     </span>
    </p>

    <p class='ocr_par' dir='ltr' id='par_1_4' title="bbox 492 2065 1778 2977">
     <span class='ocr_line' id='line_1_24' title="bbox 542 2065 1769 2113; baseline 0 -12"><span class='ocrx_word' id='word_1_213' title='bbox 542 2065 628 2102; x_wconf 83' lang='lat' dir='ltr'>Hoc</span> <span class='ocrx_word' id='word_1_214' title='bbox 652 2070 778 2101; x_wconf 80' lang='lat' dir='ltr'>autem</span> <span class='ocrx_word' id='word_1_215' title='bbox 806 2066 970 2102; x_wconf 81' lang='lat' dir='ltr'>Senecae</span> <span class='ocrx_word' id='word_1_216' title='bbox 1006 2078 1079 2102; x_wconf 88' lang='lat' dir='ltr'>non</span> <span class='ocrx_word' id='word_1_217' title='bbox 1110 2067 1243 2113; x_wconf 84' lang='lat' dir='ltr'>placet,</span> <span class='ocrx_word' id='word_1_218' title='bbox 1268 2067 1332 2102; x_wconf 84' lang='lat' dir='ltr'>sed</span> <span class='ocrx_word' id='word_1_219' title='bbox 1363 2067 1527 2102; x_wconf 82' lang='lat' dir='ltr'>studium</span> <span class='ocrx_word' id='word_1_220' title='bbox 1555 2066 1769 2113; x_wconf 77' lang='lat' dir='ltr'>sapientiae.</span> 
     </span>
     <span class='ocr_line' id='line_1_25' title="bbox 493 2122 1769 2170; baseline -0.001 -10"><span class='ocrx_word' id='word_1_221' title='bbox 493 2123 597 2160; x_wconf 82' lang='lat' dir='ltr'>Dicit</span> <span class='ocrx_word' id='word_1_222' title='bbox 614 2135 725 2170; x_wconf 63' lang='lat' dir='ltr'>ergog</span> <span class='ocrx_word' id='word_1_223' title='bbox 749 2127 759 2141; x_wconf 82' lang='lat'>‘</span> <span class='ocrx_word' id='word_1_224' title='bbox 772 2122 846 2160; x_wconf 86' lang='lat' dir='ltr'>Sed</span> <span class='ocrx_word' id='word_1_225' title='bbox 863 2125 952 2170; x_wconf 85' lang='lat' dir='ltr'>quia</span> <span class='ocrx_word' id='word_1_226' title='bbox 970 2125 1006 2160; x_wconf 82' lang='lat' dir='ltr'>in</span> <span class='ocrx_word' id='word_1_227' title='bbox 1026 2125 1094 2160; x_wconf 83' lang='lat' dir='ltr'>hac</span> <span class='ocrx_word' id='word_1_228' title='bbox 1110 2132 1188 2160; x_wconf 82' lang='lat' dir='ltr'>tam</span> <span class='ocrx_word' id='word_1_229' title='bbox 1208 2125 1336 2160; x_wconf 79' lang='lat' dir='ltr'>insana</span> <span class='ocrx_word' id='word_1_230' title='bbox 1354 2125 1543 2160; x_wconf 84' lang='lat' dir='ltr'>hominum</span> <span class='ocrx_word' id='word_1_231' title='bbox 1559 2124 1769 2166; x_wconf 77' lang='lat' dir='ltr'>ambitione,</span> 
     </span>
     <span class='ocr_line' id='line_1_26' title="bbox 492 2180 1769 2228; baseline -0.002 -10"><span class='ocrx_word' id='word_1_232' title='bbox 492 2186 553 2218; x_wconf 85' lang='lat' dir='ltr'>tot</span> <span class='ocrx_word' id='word_1_233' title='bbox 567 2180 892 2218; x_wconf 74' lang='lat' dir='ltr'>calumniatoribus</span> <span class='ocrx_word' id='word_1_234' title='bbox 909 2181 947 2218; x_wconf 85' lang='lat' dir='ltr'>in</span> <span class='ocrx_word' id='word_1_235' title='bbox 963 2182 1125 2218; x_wconf 79' lang='lat' dir='ltr'>deterius</span> <span class='ocrx_word' id='word_1_236' title='bbox 1142 2188 1241 2218; x_wconf 81' lang='lat' dir='ltr'>recta</span> <span class='ocrx_word' id='word_1_237' title='bbox 1256 2182 1524 2228; x_wconf 54' lang='lat' dir='ltr'>torquentibus</span> <span class='ocrx_word' id='word_1_238' title='bbox 1543 2192 1672 2228; x_wconf 80' lang='lat' dir='ltr'>parum</span> <span class='ocrx_word' id='word_1_239' title='bbox 1689 2187 1769 2218; x_wconf 83' lang='lat' dir='ltr'>tuta</span> 
     </span>
     <span class='ocr_line' id='line_1_27' title="bbox 493 2238 1769 2287; baseline -0.001 -12"><span class='ocrx_word' id='word_1_240' title='bbox 493 2238 712 2285; x_wconf 75' lang='lat' dir='ltr'>simplicitas</span> <span class='ocrx_word' id='word_1_241' title='bbox 731 2244 801 2280; x_wconf 79' lang='lat' dir='ltr'>est,</span> <span class='ocrx_word' id='word_1_242' title='bbox 820 2245 859 2276; x_wconf 87' lang='lat' dir='ltr'>et</span> <span class='ocrx_word' id='word_1_243' title='bbox 876 2238 959 2287; x_wconf 77' lang='lat' dir='ltr'>plus</span> <span class='ocrx_word' id='word_1_244' title='bbox 974 2238 1137 2275; x_wconf 81' lang='lat' dir='ltr'>futurum</span> <span class='ocrx_word' id='word_1_245' title='bbox 1153 2251 1299 2286; x_wconf 77' lang='lat' dir='ltr'>semper</span> <span class='ocrx_word' id='word_1_246' title='bbox 1314 2246 1370 2276; x_wconf 59' lang='grc' dir='ltr'>ατ</span> <span class='ocrx_word' id='word_1_247' title='bbox 1394 2241 1492 2286; x_wconf 88' lang='lat' dir='ltr'>quod</span> <span class='ocrx_word' id='word_1_248' title='bbox 1514 2240 1636 2275; x_wconf 83' lang='lat' dir='ltr'>obstet</span> <span class='ocrx_word' id='word_1_249' title='bbox 1658 2249 1769 2286; x_wconf 77' lang='lat' dir='ltr'>quam</span> 
     </span>
     <span class='ocr_line' id='line_1_28' title="bbox 492 2296 1771 2343; baseline -0.001 -10"><span class='ocrx_word' id='word_1_250' title='bbox 492 2296 595 2342; x_wconf 80' lang='lat' dir='ltr'>quod</span> <span class='ocrx_word' id='word_1_251' title='bbox 613 2298 796 2341; x_wconf 71' lang='lat' dir='ltr'>succedat,</span> <span class='ocrx_word' id='word_1_252' title='bbox 811 2308 836 2333; x_wconf 80' lang='lat' dir='ltr'>a</span> <span class='ocrx_word' id='word_1_253' title='bbox 851 2298 930 2333; x_wconf 82' lang='lat' dir='ltr'>soro</span> <span class='ocrx_word' id='word_1_254' title='bbox 948 2297 1094 2343; x_wconf 87' lang='lat' dir='ltr'>quidem</span> <span class='ocrx_word' id='word_1_255' title='bbox 1112 2303 1150 2332; x_wconf 90' lang='lat' dir='ltr'>et</span> <span class='ocrx_word' id='word_1_256' title='bbox 1166 2297 1315 2342; x_wconf 85' lang='lat' dir='ltr'>publico</span> <span class='ocrx_word' id='word_1_257' title='bbox 1339 2298 1583 2333; x_wconf 86' lang='lat' dir='ltr'>recedendum</span> <span class='ocrx_word' id='word_1_258' title='bbox 1601 2302 1656 2332; x_wconf 69' lang='lat' dir='ltr'>est</span> <span class='ocrx_word' id='word_1_259' title='bbox 1673 2310 1681 2332; x_wconf 91' lang='lat'>:</span> <span class='ocrx_word' id='word_1_260' title='bbox 1705 2297 1771 2332; x_wconf 84' lang='lat' dir='ltr'>sed</span> 
     </span>
     <span class='ocr_line' id='line_1_29' title="bbox 492 2353 1770 2402; baseline -0.001 -12"><span class='ocrx_word' id='word_1_261' title='bbox 492 2353 607 2391; x_wconf 75' lang='lat' dir='ltr'>habet</span> <span class='ocrx_word' id='word_1_262' title='bbox 632 2354 695 2391; x_wconf 85' lang='lat' dir='ltr'>ubi</span> <span class='ocrx_word' id='word_1_263' title='bbox 719 2367 760 2391; x_wconf 79' lang='lat' dir='ltr'>se</span> <span class='ocrx_word' id='word_1_264' title='bbox 786 2355 897 2391; x_wconf 86' lang='lat' dir='ltr'>etiam</span> <span class='ocrx_word' id='word_1_265' title='bbox 920 2356 954 2390; x_wconf 89' lang='lat' dir='ltr'>in</span> <span class='ocrx_word' id='word_1_266' title='bbox 978 2356 1122 2400; x_wconf 74' lang='lat' dir='ltr'>privato</span> <span class='ocrx_word' id='word_1_267' title='bbox 1146 2354 1232 2391; x_wconf 80' lang='lat' dir='ltr'>laxe</span> <span class='ocrx_word' id='word_1_268' title='bbox 1256 2355 1416 2402; x_wconf 84' lang='lat' dir='ltr'>explicet</span> <span class='ocrx_word' id='word_1_269' title='bbox 1443 2367 1598 2401; x_wconf 81' lang='lat' dir='ltr'>magnus</span> <span class='ocrx_word' id='word_1_270' title='bbox 1618 2355 1770 2390; x_wconf 76' lang='lat' dir='ltr'>animus.</span> 
     </span>
     <span class='ocr_line' id='line_1_30' title="bbox 494 2411 1772 2459; baseline -0.001 -11"><span class='ocrx_word' id='word_1_271' title='bbox 494 2411 578 2448; x_wconf 75' lang='lat' dir='ltr'>Nee</span> <span class='ocrx_word' id='word_1_272' title='bbox 608 2417 650 2448; x_wconf 84' lang='lat' dir='ltr'>ut</span> <span class='ocrx_word' id='word_1_273' title='bbox 675 2411 823 2449; x_wconf 85' lang='lat' dir='ltr'>leonum</span> <span class='ocrx_word' id='word_1_274' title='bbox 850 2412 1139 2459; x_wconf 80' lang='lat' dir='ltr'>animaliumque</span> <span class='ocrx_word' id='word_1_275' title='bbox 1163 2413 1325 2458; x_wconf 79' lang='lat' dir='ltr'>impetus</span> <span class='ocrx_word' id='word_1_276' title='bbox 1356 2412 1475 2449; x_wconf 77' lang='lat' dir='ltr'>caveis</span> <span class='ocrx_word' id='word_1_277' title='bbox 1506 2418 1695 2448; x_wconf 82' lang='lat' dir='ltr'>coercetur</span> <span class='ocrx_word' id='word_1_278' title='bbox 1721 2413 1772 2448; x_wconf 85' lang='lat' dir='ltr'>sic</span> 
     </span>
     <span class='ocr_line' id='line_1_31' title="bbox 493 2467 1773 2519; baseline 0 -15"><span class='ocrx_word' id='word_1_279' title='bbox 493 2467 699 2513; x_wconf 73' lang='lat' dir='ltr'>hominurn,</span> <span class='ocrx_word' id='word_1_280' title='bbox 710 2480 866 2516; x_wconf 82' lang='lat' dir='ltr'>quorum</span> <span class='ocrx_word' id='word_1_281' title='bbox 886 2467 1105 2518; x_wconf 80' lang='lat' dir='ltr'>[maximae]</span> <span class='ocrx_word' id='word_1_282' title='bbox 1124 2471 1161 2505; x_wconf 89' lang='lat' dir='ltr'>in</span> <span class='ocrx_word' id='word_1_283' title='bbox 1181 2471 1334 2507; x_wconf 84' lang='lat' dir='ltr'>seducto</span> <span class='ocrx_word' id='word_1_284' title='bbox 1354 2470 1516 2507; x_wconf 82' lang='lat' dir='ltr'>actiones</span> <span class='ocrx_word' id='word_1_285' title='bbox 1535 2467 1665 2519; x_wconf 77' lang='lat' dir='ltr'>[sunt].</span> <span class='ocrx_word' id='word_1_286' title='bbox 1715 2469 1773 2504; x_wconf 87' lang='lat' dir='ltr'>Ita</span> 
     </span>
     <span class='ocr_line' id='line_1_32' title="bbox 494 2528 1773 2573; baseline -0.001 -11"><span class='ocrx_word' id='word_1_287' title='bbox 494 2531 623 2563; x_wconf 74' lang='lat' dir='ltr'>tamen</span> <span class='ocrx_word' id='word_1_288' title='bbox 639 2528 823 2563; x_wconf 80' lang='lat' dir='ltr'>delituerit</span> <span class='ocrx_word' id='word_1_289' title='bbox 839 2532 895 2572; x_wconf 84' lang='lat' dir='ltr'>ut,</span> <span class='ocrx_word' id='word_1_290' title='bbox 910 2528 1133 2573; x_wconf 82' lang='lat' dir='ltr'>ubicumque</span> <span class='ocrx_word' id='word_1_291' title='bbox 1157 2528 1275 2563; x_wconf 83' lang='lat' dir='ltr'>otium</span> <span class='ocrx_word' id='word_1_292' title='bbox 1301 2539 1407 2564; x_wconf 75' lang='lat' dir='ltr'>suurn</span> <span class='ocrx_word' id='word_1_293' title='bbox 1430 2528 1674 2571; x_wconf 72' lang='lat' dir='ltr'>absconderit,</span> <span class='ocrx_word' id='word_1_294' title='bbox 1692 2538 1773 2572; x_wconf 82' lang='lat' dir='ltr'>pro-</span> 
     </span>
     <span class='ocr_line' id='line_1_33' title="bbox 495 2582 1774 2634; baseline -0.001 -14"><span class='ocrx_word' id='word_1_295' title='bbox 495 2584 606 2621; x_wconf 74' lang='lat' dir='ltr'>desse</span> <span class='ocrx_word' id='word_1_296' title='bbox 618 2583 707 2620; x_wconf 77' lang='lat' dir='ltr'>velit</span> <span class='ocrx_word' id='word_1_297' title='bbox 722 2584 877 2632; x_wconf 79' lang='lat' dir='ltr'>singuiis</span> <span class='ocrx_word' id='word_1_298' title='bbox 897 2582 1179 2634; x_wconf 49' lang='lat' dir='ltr'>[universisque]</span> <span class='ocrx_word' id='word_1_299' title='bbox 1198 2584 1359 2632; x_wconf 82' lang='lat' dir='ltr'>ingenio,</span> <span class='ocrx_word' id='word_1_300' title='bbox 1368 2596 1468 2626; x_wconf 81' lang='lat' dir='ltr'>voce,</span> <span class='ocrx_word' id='word_1_301' title='bbox 1488 2584 1652 2620; x_wconf 82' lang='lat' dir='ltr'>consilio.</span> <span class='ocrx_word' id='word_1_302' title='bbox 1697 2584 1774 2619; x_wconf 88' lang='lat' dir='ltr'>Nec</span> 
     </span>
     <span class='ocr_line' id='line_1_34' title="bbox 495 2633 1774 2690; baseline -0.002 -11"><span class='ocrx_word' id='word_1_303' title='bbox 495 2642 597 2679; x_wconf 81' lang='lat' dir='ltr'>euim</span> <span class='ocrx_word' id='word_1_304' title='bbox 622 2642 654 2678; x_wconf 70' lang='lat' dir='ltr'>is</span> <span class='ocrx_word' id='word_1_305' title='bbox 677 2642 779 2679; x_wconf 68' lang='lat' dir='ltr'>solus</span> <span class='ocrx_word' id='word_1_306' title='bbox 802 2642 1023 2690; x_wconf 86' lang='lat' dir='ltr'>reipublicae</span> <span class='ocrx_word' id='word_1_307' title='bbox 1048 2633 1199 2689; x_wconf 63' lang='lat' dir='ltr'>prodes}</span> <span class='ocrx_word' id='word_1_308' title='bbox 1229 2644 1321 2689; x_wconf 85' lang='lat' dir='ltr'>qui.</span> <span class='ocrx_word' id='word_1_309' title='bbox 1341 2669 1350 2678; x_wconf 94' lang='lat'>.</span> <span class='ocrx_word' id='word_1_310' title='bbox 1367 2669 1376 2679; x_wconf 80' lang='grc'><strong>.</strong></span> <span class='ocrx_word' id='word_1_311' title='bbox 1394 2649 1518 2679; x_wconf 81' lang='lat' dir='ltr'>tuetur</span> <span class='ocrx_word' id='word_1_312' title='bbox 1546 2653 1627 2678; x_wconf 67' lang='lat' dir='ltr'>reos</span> <span class='ocrx_word' id='word_1_313' title='bbox 1656 2648 1694 2678; x_wconf 78' lang='lat' dir='ltr'>et</span> <span class='ocrx_word' id='word_1_314' title='bbox 1727 2642 1774 2676; x_wconf 92' lang='lat' dir='ltr'>de</span> 
     </span>
     <span class='ocr_line' id='line_1_35' title="bbox 495 2699 1774 2747; baseline -0.002 -11"><span class='ocrx_word' id='word_1_315' title='bbox 495 2710 590 2747; x_wconf 73' lang='lat' dir='ltr'>pace</span> <span class='ocrx_word' id='word_1_316' title='bbox 614 2699 788 2746; x_wconf 77' lang='lat' dir='ltr'>belloque</span> <span class='ocrx_word' id='word_1_317' title='bbox 808 2706 957 2744; x_wconf 80' lang='lat' dir='ltr'>censet;</span> <span class='ocrx_word' id='word_1_318' title='bbox 981 2701 1047 2736; x_wconf 57' lang='lat' dir='ltr'>sed,</span> <span class='ocrx_word' id='word_1_319' title='bbox 1072 2701 1134 2746; x_wconf 86' lang='lat' dir='ltr'>qui</span> <span class='ocrx_word' id='word_1_320' title='bbox 1159 2700 1389 2746; x_wconf 84' lang='lat' dir='ltr'>juventutem</span> <span class='ocrx_word' id='word_1_321' title='bbox 1414 2700 1642 2743; x_wconf 78' lang='lat' dir='ltr'>exhortatur,</span> <span class='ocrx_word' id='word_1_322' title='bbox 1656 2699 1719 2745; x_wconf 86' lang='lat' dir='ltr'>qui</span> <span class='ocrx_word' id='word_1_323' title='bbox 1738 2699 1774 2734; x_wconf 85' lang='lat' dir='ltr'>in</span> 
     </span>
     <span class='ocr_line' id='line_1_36' title="bbox 496 2756 1775 2804; baseline -0.001 -11"><span class='ocrx_word' id='word_1_324' title='bbox 496 2762 605 2793; x_wconf 75' lang='lat' dir='ltr'>tanta</span> <span class='ocrx_word' id='word_1_325' title='bbox 625 2757 808 2794; x_wconf 84' lang='lat' dir='ltr'>bonorum</span> <span class='ocrx_word' id='word_1_326' title='bbox 828 2764 1108 2804; x_wconf 76' lang='lat' dir='ltr'>praeceptorum</span> <span class='ocrx_word' id='word_1_327' title='bbox 1132 2757 1258 2804; x_wconf 84' lang='lat' dir='ltr'>inopia</span> <span class='ocrx_word' id='word_1_328' title='bbox 1271 2757 1445 2794; x_wconf 77' lang='lat' dir='ltr'>virtutem</span> <span class='ocrx_word' id='word_1_329' title='bbox 1470 2757 1618 2794; x_wconf 85' lang='lat' dir='ltr'>instillat</span> <span class='ocrx_word' id='word_1_330' title='bbox 1636 2756 1775 2799; x_wconf 74' lang='lat' dir='ltr'>animis,</span> 
     </span>
     <span class='ocr_line' id='line_1_37' title="bbox 495 2814 1774 2862; baseline -0.002 -11"><span class='ocrx_word' id='word_1_331' title='bbox 495 2814 564 2862; x_wconf 85' lang='lat' dir='ltr'>qui</span> <span class='ocrx_word' id='word_1_332' title='bbox 586 2815 637 2852; x_wconf 88' lang='lat' dir='ltr'>ad</span> <span class='ocrx_word' id='word_1_333' title='bbox 670 2814 863 2862; x_wconf 81' lang='lat' dir='ltr'>pecuniam</span> <span class='ocrx_word' id='word_1_334' title='bbox 898 2815 1154 2861; x_wconf 81' lang='lat' dir='ltr'>luxuriamque</span> <span class='ocrx_word' id='word_1_335' title='bbox 1172 2841 1183 2851; x_wconf 80' lang='lat'><em>.</em></span> <span class='ocrx_word' id='word_1_336' title='bbox 1203 2841 1212 2851; x_wconf 89' lang='lat'><em>.</em></span> <span class='ocrx_word' id='word_1_337' title='bbox 1225 2818 1238 2851; x_wconf 67' lang='lat'>⁴.</span> <span class='ocrx_word' id='word_1_338' title='bbox 1256 2821 1404 2851; x_wconf 71' lang='lat' dir='ltr'>ruente·</span> <span class='ocrx_word' id='word_1_339' title='bbox 1421 2841 1430 2850; x_wconf 88' lang='lat'><strong>.</strong></span> <span class='ocrx_word' id='word_1_340' title='bbox 1447 2841 1455 2848; x_wconf 90' lang='lat'><em>.</em></span> <span class='ocrx_word' id='word_1_341' title='bbox 1474 2841 1483 2848; x_wconf 90' lang='lat'><strong>.</strong></span> <span class='ocrx_word' id='word_1_342' title='bbox 1501 2814 1652 2851; x_wconf 80' lang='lat' dir='ltr'>retrahit</span> <span class='ocrx_word' id='word_1_343' title='bbox 1677 2820 1716 2849; x_wconf 84' lang='lat' dir='ltr'>et</span> <span class='ocrx_word' id='word_1_344' title='bbox 1745 2814 1774 2848; x_wconf 86' lang='lat' dir='ltr'>si</span> 
     </span>
     <span class='ocr_line' id='line_1_38' title="bbox 497 2868 1776 2922; baseline -0.002 -14"><span class='ocrx_word' id='word_1_345' title='bbox 497 2872 588 2908; x_wconf 79' lang='lat' dir='ltr'>nihil</span> <span class='ocrx_word' id='word_1_346' title='bbox 620 2872 721 2908; x_wconf 75' lang='lat' dir='ltr'>aliud</span> <span class='ocrx_word' id='word_1_347' title='bbox 755 2879 852 2909; x_wconf 87' lang='lat' dir='ltr'>certe</span> <span class='ocrx_word' id='word_1_348' title='bbox 888 2868 1099 2922; x_wconf 56' lang='lat' dir='ltr'>[moram-L</span> <span class='ocrx_word' id='word_1_349' title='bbox 1125 2873 1164 2907; x_wconf 90' lang='lat' dir='ltr'>in</span> <span class='ocrx_word' id='word_1_350' title='bbox 1199 2873 1342 2918; x_wconf 83' lang='lat' dir='ltr'>privato</span> <span class='ocrx_word' id='word_1_351' title='bbox 1371 2872 1558 2918; x_wconf 84' lang='lat' dir='ltr'>publicum</span> <span class='ocrx_word' id='word_1_352' title='bbox 1589 2872 1776 2917; x_wconf 78' lang='lat' dir='ltr'>negotium</span> 
     </span>
     <span class='ocr_line' id='line_1_39' title="bbox 497 2928 1778 2977; baseline -0.001 -12"><span class='ocrx_word' id='word_1_353' title='bbox 497 2928 591 2976; x_wconf 80' lang='lat' dir='ltr'>agit.</span> <span class='ocrx_word' id='word_1_354' title='bbox 640 2928 706 2965; x_wconf 81' lang='lat' dir='ltr'>An</span> <span class='ocrx_word' id='word_1_355' title='bbox 728 2929 788 2965; x_wconf 88' lang='lat' dir='ltr'>ille</span> <span class='ocrx_word' id='word_1_356' title='bbox 810 2930 892 2976; x_wconf 75' lang='lat' dir='ltr'>plue</span> <span class='ocrx_word' id='word_1_357' title='bbox 917 2935 1089 2977; x_wconf 78' lang='lat' dir='ltr'>praestat,</span> <span class='ocrx_word' id='word_1_358' title='bbox 1108 2928 1170 2976; x_wconf 84' lang='lat' dir='ltr'>qui</span> <span class='ocrx_word' id='word_1_359' title='bbox 1199 2929 1290 2966; x_wconf 83' lang='lat' dir='ltr'>inter</span> <span class='ocrx_word' id='word_1_360' title='bbox 1305 2930 1518 2977; x_wconf 79' lang='lat' dir='ltr'>peregrinos</span> <span class='ocrx_word' id='word_1_361' title='bbox 1538 2934 1576 2965; x_wconf 86' lang='lat' dir='ltr'>et</span> <span class='ocrx_word' id='word_1_362' title='bbox 1596 2928 1694 2965; x_wconf 81' lang='lat' dir='ltr'>cives</span> <span class='ocrx_word' id='word_1_363' title='bbox 1713 2934 1778 2964; x_wconf 88' lang='lat' dir='ltr'>aut</span> 
     </span>
    </p>
   </div>
  </div>
 </body>
</html>
