2350 3580
595 705 666 741 4οο
831 699 1005 735 OPERIS
1029 699 1241 740 uAJoRJS
1265 700 1392 735 PARS
1418 700 1639 736 SEPTIMA.

597 795 641 826 ut
675 800 795 837 neque
826 791 876 827 ad
908 802 1012 827 usum
1036 790 1179 837 possint
1214 791 1383 830 meliores
1410 803 1502 832 esse.
1523 801 1601 828 uec
1622 791 1672 828 ad
1706 790 1868 839 speciem

599 847 804 894 pulcriores.
857 848 958 896 Ergo
986 848 1152 886 similiter
1176 850 1371 897 quodlibet
1391 856 1592 887 recreatum
1621 849 1761 887 habens
1789 859 1870 884 esse

601 905 740 950 gratiae
756 906 908 955 recipiet
924 907 972 943 de
988 907 1153 944 bonitate
1180 909 1374 944 recreantis
1391 915 1570 955 quantum
1589 911 1712 955 potest
1727 917 1869 954 capere.

601 960 677 998 sed
701 969 827 1010 potest
858 976 990 1011 capere
1021 966 1228 1002 bonitatem
1262 978 1351 1002 suae
1382 966 1629 1008 substantiam
1663 977 1752 1012 ergo
1776 963 1870 1000 hanc

599 1019 750 1066 recipiet
775 1022 974 1059 secundum
1003 1025 1223 1060 sententiam
1253 1023 1336 1060 libri
1363 1022 1585 1070 Sapientiae,
1612 1033 1697 1059 curn
1728 1021 1869 1064 dieitur,

600 1076 855 1115 Substantiam
868 1086 977 1121 ‚tuam
998 1081 1050 1117 eis
1072 1081 1219 1118 dedisti.
1270 1081 1321 1118 Et
1344 1081 1430 1118 ideo
1454 1086 1602 1127 oportet
1626 1079 1726 1126 quod
1752 1079 1871 1115 omnis

599 1134 714 1171 homo
730 1141 832 1172 stans
850 1137 886 1172 in
899 1137 1017 1183 gratia
1030 1139 1176 1186 recipiet
1190 1150 1296 1174 suurn
1312 1138 1541 1175 Salvatorem
1556 1138 1758 1173 secundum
1769 1137 1870 1183 quod

602 1192 768 1230 Ecclesia
783 1194 977 1231 ordinavit.

415 1255 588 1294 thproor.
650 1249 846 1288 Caeterum
875 1258 1065 1299 peccatum
1096 1253 1274 1300 originale
1303 1253 1414 1290 deleri
1443 1264 1516 1290 non
1546 1257 1670 1299 potest
1695 1251 1776 1287 sine
1800 1251 1870 1287 hac

599 1307 721 1344 hostia
739 1308 823 1345 Deo
839 1309 1032 1347 offerenda.
1085 1310 1159 1347 Sed
1176 1311 1290 1348 hodie
1308 1310 1595 1356 multiplicantur
1605 1314 1758 1355 peccata
1776 1319 1870 1344 mor-

599 1364 697 1401 talia.
741 1365 840 1413 Ergo
852 1372 999 1414 oportet
1014 1369 1114 1414 quod
1132 1369 1223 1404 haec
1234 1368 1354 1405 hostia
1371 1368 1574 1405 satisfaciat
1594 1367 1677 1402 Deo
1694 1366 1790 1413 patri
1804 1375 1870 1412 pro

599 1423 757 1468 peccatis
781 1425 917 1461 mundi.
968 1425 1063 1462 Item
1090 1425 1193 1462 Deus
1212 1423 1410 1472 assum'psit
1433 1425 1527 1461 hanc
1545 1424 1812 1461 humanitatem
1829 1427 1871 1459 ut

599 1482 826 1526 permitteret
841 1483 1053 1528 sanguinem
1072 1483 1174 1519 fundi
1196 1485 1243 1520 de
1268 1495 1311 1520 ea
1333 1494 1401 1529 pro
1425 1483 1530 1520 nobis
1551 1482 1740 1519 moriendo
1763 1481 1870 1527 et‚sic

598 1537 757 1574 redemit
781 1551 857 1574 nos.
909 1540 983 1576 Sed
1009 1541 1092 1588 plus
1112 1547 1168 1577 est
1190 1541 1260 1577 hoc
1281 1552 1392 1587 quam
1416 1552 1481 1576 nos
1505 1550 1654 1586 pascere
1675 1538 1745 1574 hac
1760 1548 1870 1574 carne

599 1601 638 1631 et
655 1594 726 1632 hoc
740 1597 925 1644 sanguine,
976 1598 1077 1645 Ergo
1097 1600 1126 1635 si
1145 1601 1244 1645 quod
1263 1597 1345 1645 plus
1362 1604 1419 1634 est
1431 1597 1546 1634 voluit
1558 1608 1608 1632 ex
1625 1607 1692 1632 sua
1705 1596 1871 1632 bonitate

599 1663 668 1698 pro
688 1654 795 1689 nobis
819 1655 948 1698 facere,
963 1656 1081 1692 vmulto
1110 1656 1236 1692 fortius
1261 1656 1377 1692 voluit
1403 1655 1521 1691 facere
1538 1654 1638 1701 quod
1659 1654 1778 1688 minus
1803 1657 1870 1694 est,

601 1721 681 1746 cum
700 1712 747 1747 sit
766 1713 872 1750 nobis
888 1713 986 1754 utile,
1008 1714 1236 1756 conveniens„
1254 1719 1294 1756 et
1312 1714 1565 1750 necessarium.

415 1773 475 1800 Not
485 1772 587 1815 mgoely
651 1767 757 1805 Haec
773 1782 859 1806 vero
883 1776 921 1806 et
947 1770 1157 1816 hujusmodi
1175 1776 1338 1827 possunt
1362 1770 1478 1816 aptari
1505 1770 1552 1806 ad
1578 1770 1649 1805 hoc
1674 1769 1774 1814 quod
1799 1767 1871 1804 hoc

413 1814 586 1879 ffissdssffint
601 1825 879 1879 Sacramentum
903 1829 1019 1874 possit
1048 1822 1412 1869 habere.veritatem.
1436 1833 1476 1864 ut
1503 1827 1623 1863 nullus
1656 1826 1772 1873 possit
1804 1835 1871 1860 nec

413 1883 568 1947 {⁸³:3³¹oe
601 1884 735 1920 debeat
759 1886 1017 1923 contradicere.
1070 1885 1143 1921 Sed
1167 1886 1239 1922 hoc
1264 1897 1336 1920 non
1359 1885 1476 1922 solum
1501 1885 1714 1930 requiritur;
1739 1884 1806 1918 sed
1830 1888 1871 1918 ut

601 1941 772 1978 facillime
798 1944 1000 1989 recipiatur,
1019 1949 1058 1979 et
1083 1943 1223 1978 facilius
1250 1949 1286 1978 et
1312 1943 1483 1978 libentius
1507 1948 1546 1978 et
1565 1943 1734 1978 devotius
1757 1951 1869 1987 quam

600 2000 725 2046 aliqua
739 2000 872 2037 veritas
890 2011 985 2047 quae
1001 2007 1123 2048 potest
1141 2001 1176 2036 in
1195 2000 1265 2037 hac
1281 2002 1356 2055 vita
1372 2000 1478 2036 nobis
1496 1999 1674 2047 proponi;
1701 1999 1814 2035 immo
1832 2004 1871 2034 ut

600 2058 637 2094 in
657 2058 726 2094 hac
741 2059 819 2095 vita
841 2059 1072 2105 quiescamus
1094 2059 1190 2094 sieut
1213 2058 1250 2094 in
1276 2058 1472 2094 dulcedine
1492 2059 1589 2094 vitae
1612 2061 1805 2098 aeternae:
1832 2060 1871 2091 ut

599 2116 686 2151 nihil
704 2116 857 2151 velimus
875 2116 941 2152 nisi
963 2121 1114 2162 propter
1129 2116 1201 2152 hoc
1216 2128 1225 2158 ;
1251 2127 1325 2162 quo
1341 2115 1372 2150 si
1390 2126 1603 2158 careremus,
1622 2119 1871 2160 reputaremus

599 2185 666 2209 nos
684 2174 878 2218 nihil-scire
891 2174 948 2210 vel
963 2174 1099 2210 habere
1116 2179 1283 2219 respectu
1301 2173 1410 2218 hujus
1427 2173 1607 2219 gloriosae
1618 2172 1780 2208 veritatis
1797 2181 1871 2218 qua

600 2231 815 2267 deificamur
830 2237 868 2267 et
885 2231 1103 2267 assumimur
1120 2232 1157 2267 in
1174 2231 1290 2267 vitam
1308 2236 1507 2267 aeternam.
1782 2235 1785 2238 ⁴

414 2295 476 2322 The
487 2302 550 2322 cuu-
650 2289 755 2324 Circa
770 2300 858 2324 vero
875 2289 952 2334 ejus
970 2288 1183 2324 facilitatem
1201 2294 1285 2323 sunt
1304 2288 1425 2334 plures
1443 2288 1552 2323 modi.
1603 2287 1712 2322 Unus
1729 2291 1786 2322 est
1807 2296 1871 2332 per

415 2331 588 2398 ξξέῐίζῃξιζ
601 2347 930 2383 considerationem
957 2347 1050 2381 illius
1083 2347 1183 2391 quod
1219 2343 1424 2382 continetur
1449 2346 1485 2380 in
1514 2344 1583 2380 hoc
1612 2343 1871 2383 Sacrament0;

600 2404 692 2453 alius
718 2417 783 2450 per
817 2403 968 2440 modum
1006 2403 1215 2444 existendi;
1250 2403 1379 2439 tertius
1403 2415 1470 2450 per
1495 2402 1645 2438 modum
1671 2401 1808 2443 utendi,
1834 2406 1871 2436 et

599 2462 750 2508 quidam
796 2462 868 2502 alii,
901 2467 942 2496 ut
983 2461 1177 2497 notabitur.
1230 2462 1305 2496 Res
1346 2461 1494 2507 quidem
1537 2465 1709 2495 contenta
1743 2463 1799 2494 est
1834 2458 1870 2492 in

602 2519 759 2555 ciilrnine
781 2519 986 2564 majestatis
1011 2523 1049 2554 et
1068 2519 1208 2564 gloriae
1233 2522 1345 2564 atque
1372 2518 1407 2553 in
1436 2517 1661 2563 plenitudine
1681 2516 1810 2552 salutis
1834 2521 1871 2551 et

602 2577 737 2615 infine
764 2576 1032 2623 pulcritudinis;
1070 2576 1161 2612 haec
1189 2575 1299 2630 plana
1323 2581 1410 2611 sunt
1434 2585 1517 2610 curn
1546 2574 1647 2610 Deus
1676 2580 1714 2610 et
1742 2573 1871 2609 Homo

599 2633 826 2681 glorificatus
841 2640 879 2670 et
897 2644 990 2669 unus
1008 2634 1043 2669 in
1065 2644 1134 2669 una
1150 2644 1305 2680 persona
1324 2633 1373 2669 ibi
1390 2633 1603 2668 consistant.
1654 2631 1756 2666 Deus
1772 2631 1871 2666 enirn

601 2703 649 2726 ex
675 2702 742 2726 sua
766 2696 895 2726 natura
919 2691 1030 2726 habet
1064 2691 1283 2726 infinitatem
1319 2688 1523 2736 majestatis
1554 2695 1590 2724 et
1623 2689 1809 2731 bonitatis,
1834 2694 1871 2724 et

601 2749 861 2795 pulcritudinis,
879 2754 919 2783 ut
937 2753 1038 2795 patet
1054 2759 1103 2783 ex
1128 2749 1185 2783 his
1201 2759 1297 2793 quae
1316 2753 1521 2789 tactasunt
1545 2746 1720 2792 superius.
1772 2745 1869 2782 Nam

599 2805 772 2852 quicquid
790 2811 846 2841 est
870 2806 906 2841 in
928 2817 972 2841 eo
999 2812 1052 2841 est
1072 2805 1263 2841 infinitum.
1316 2805 1492 2841 Similiter
1518 2804 1641 2844 horno,
1661 2809 1871 2849 assumptus

599 2864 634 2897 in
661 2864 815 2908 gloriam
843 2863 912 2898 Dei
943 2868 980 2898 et
1014 2863 1214 2898 bonitatem
1243 2867 1279 2898 et
1305 2863 1596 2908 pulcritudinem,
1623 2862 1871 2896 communicat

599 2919 815 2956 infinitatem
835 2920 1014 2967 triplicem
1034 2921 1171 2956 ratione
1190 2921 1334 2956 unionis
1354 2921 1561 2955 individuae
1578 2931 1766 2965 personae.
1821 2918 1871 2954 Et
