2350 3580
617 751 984 787 PERSPECTJVAE
1009 752 1139 786 PARS
1169 752 1371 786 TERTIA.-
1402 752 1525 787 DIST.
1553 755 1583 787 Ι.
1666 761 1733 797 143

501 841 542 879 Si
567 842 715 878 dicatur
737 847 828 879 tune
850 842 952 889 quod
978 843 1070 879 radii
1094 842 1265 886 visuales,
1290 855 1374 879 cum
1400 842 1577 880 deficiunt
1602 855 1729 879 versus
1744 846 1834 873 The·

449 899 624 936 coelum
613 910 649 936 m
666 899 918 946 profunditate
939 900 1032 937 aeris
1052 899 1112 937 vel
1133 900 1318 948 perspicui
1335 901 1512 943 coelestis,
1534 906 1574 938 ut
1589 882 1832 937 dictutus-md
1745 917 1868 946 dm

449 962 507 994 ωε
522 957 637 1004 prius,
649 963 803 1006 possent
818 957 969 1001 reflecti,
983 964 1022 995 et
1034 958 1230 996 similiter·
1221 970 1258 996 m
1273 970 1370 1006 aqua
1386 957 1578 1004 profunda,
1587 964 1626 995 et
1643 963 1730 995 tunc
1745 963 1858 1026 Ἢ

449 1014 564 1051 homo
575 1015 768 1052 videoetse
777 1016 928 1062 quando
941 1016 1073 1063 aspicit
1083 1017 1228 1063 alonge
1236 1016 1339 1052 illam
1352 1027 1488 1062 aquam
1498 1014 1731 1082 profundam,
1745 999 1919 1054 ι’ῗέωῆεᾱωι

449 1073 550 1120 quod
575 1084 650 1110 nou
672 1078 731 1110 eut
752 1085 906 1117 verum3
934 1073 1143 1117 dicendum,
1168 1074 1271 1121 quod
1296 1085 1370 1110 non
1394 1074 1530 1111 accidit
1554 1073 1636 1118 hoc,
1661 1073 1729 1110 nisi
1745 1067 1776 1127 ξ
1794 1100 1887 1134 ming

450 1141 515 1168 aer
528 1130 579 1169 sit
604 1141 720 1178 prope
741 1142 806 1169 eos
828 1132 964 1168 densus
988 1131 1271 1179 aliquantulum,
1288 1132 1388 1179 quod
1412 1132 1450 1168 in
1476 1132 1586 1169 ebriis
1607 1137 1732 1179 potest
1745 1144 1846 1172 power

450 1199 533 1225 esse
564 1193 718 1237 propter
748 1189 989 1225 humiditates
1022 1200 1204 1235 vaporum
1239 1189 1311 1225 vini
1346 1189 1602 1237 resolutorum,
1629 1195 1668 1225 et
1693 1189 1733 1224 in

450 1245 607 1283 infirmis
622 1246 790 1283 similiter
812 1252 968 1293 propter
990 1259 1148 1294 vapores
1163 1259 1312 1294 semper
1328 1259 1446 1294 prope
1470 1259 1535 1283 eos
1554 1247 1734 1284 resolutos

450 1314 503 1341 ex
517 1305 662 1341 morbo.
710 1304 823 1342 Unde
839 1305 928 1342 mali
946 1310 983 1341 et
1009 1304 1139 1342 foetidi
1163 1315 1320 1352 vapores
1343 1310 1431 1342 sunt
1452 1315 1598 1351 seraper
1618 1315 1735 1352 prope

453 1373 516 1400 eoo
533 1362 571 1399 iu
587 1373 684 1406 aere,
695 1363 830 1411 quibus
847 1374 910 1399 aer
925 1362 1085 1400 inficitur
1097 1374 1215 1411 prope
1231 1374 1296 1399 eos
1313 1368 1351 1399 et
1363 1363 1547 1405 densatur.
1561 1368 1603 1400 ut
1618 1362 1735 1409 possit

453 1431 534 1456 esse
553 1421 634 1458 vioe
655 1419 796 1466 speculi
818 1421 857 1456 in
877 1426 986 1467 parte
1010 1432 1077 1457 sua
1101 1431 1219 1467 prope
1241 1419 1334 1462 illue,
1352 1421 1452 1467 quod
1478 1432 1550 1456 non
1576 1420 1681 1456 fieret
1697 1421 1734 1456 in

453 1479 528 1514 alia
551 1483 659 1525 parte
682 1479 778 1514 aeris
803 1479 1001 1514 remotiori.
1051 1476 1103 1514 Et
1140 1479 1310 1514 similiter
1350 1490 1414 1514 aer
1447 1490 1565 1525 prope
1598 1483 1733 1514 terram

454 1534 630 1572 densatur
659 1535 861 1582 vaporibus
889 1535 1058 1572 resolutis
1090 1547 1114 1572 a
1150 1541 1248 1572 terra
1276 1542 1315 1572 et
1348 1547 1468 1582 aqua;
1502 1542 1541 1572 et
1575 1536 1660 1572 ideo
1686 1547 1735 1572 ex

454 1598 609 1639 utraque
626 1605 738 1630 causa
759 1594 952 1631 densitatis
972 1598 1095 1641 potent
1121 1605 1185 1630 aer
1203 1594 1434 1641 propinquus
1457 1593 1595 1630 habere
1614 1594 1734 1630 vicem

453 1650 605 1698 speculi.
654 1650 707 1686 Et
724 1651 808 1687 ideo
825 1657 977 1698 propter
991 1652 1088 1687 hanc
1105 1651 1383 1687 difformitatem
1402 1652 1440 1686 in
1458 1652 1625 1697 partibus
1641 1653 1734 1687 aeris

453 1707 588 1745 addit
604 1709 704 1756 quod
724 1721 797 1745 una
812 1721 899 1756 pars
915 1708 1029 1746 habet
1045 1709 1165 1745 vicem
1180 1708 1320 1756 speculi
1332 1715 1368 1745 et
1381 1708 1454 1745 alia
1469 1721 1554 1752 non,
1567 1715 1734 1756 respectu

453 1766 644 1804 oculorum
686 1766 912 1804 ebriosorum
954 1772 992 1804 et
1034 1766 1274 1803 infirmorum.
1354 1767 1427 1804 Sed
1470 1767 1598 1804 oculus
1631 1767 1736 1803 fortis

453 1825 636 1872 aspiciens
652 1825 690 1860 in
706 1836 801 1871 aqua
816 1825 953 1861 invenit
963 1836 1046 1861 eam
1059 1824 1252 1860 uniformis
1265 1825 1467 1860 densitatis.
1507 1825 1557 1860 Et
1571 1825 1737 1860 similiter

454 1894 477 1918 a
502 1882 614 1930 longe
637 1883 673 1918 in
700 1883 860 1930 sphaera
888 1883 1006 1927 coeli;
1037 1889 1074 1919 et
1103 1894 1176 1918 non
1201 1883 1339 1919 invenit
1365 1884 1414 1918 ibi
1444 1888 1587 1930 partem
1618 1883 1736 1930 magis

454 1940 609 1977 densam
625 1951 721 1988 quae
737 1940 854 1977 vicem
870 1940 1009 1988 speculi
1027 1940 1143 1988 possit
1162 1940 1308 1983 habere,
1323 1940 1439 1977 immo
1455 1949 1601 1987 semper
1617 1939 1738 1987 magis

455 2009 587 2039 raram,
628 2004 667 2035 et
707 1998 795 2035 ideo
836 1998 1101 2046 multiplicatur
1141 1999 1283 2046 species
1323 2010 1436 2045 usque
1477 1998 1623 2035 deficiat
1658 1999 1737 2034 sine

454 2055 666 2092 reflexione.
715 2056 826 2103 Quod
846 2057 876 2092 si
892 2058 1037 2094 dicatur
1052 2058 1153 2105 quod
1171 2056 1301 2094 oculus
1314 2056 1416 2092 sortis
1431 2057 1570 2093 invenit
1582 2067 1738 2102 vapores

455 2114 494 2149 iu
509 2125 594 2150 aere
610 2118 650 2151 et
668 2118 792 2162 partes
809 2115 974 2159 nubium,
992 2119 1033 2151 ut
1054 2114 1120 2151 fiat
1137 2114 1314 2158 reflexim
1339 2114 1534 2151 dicendum
1562 2119 1618 2150 est
1635 2115 1735 2161 quod

454 2181 613 2218 vapores
643 2173 840 2218 pertransit
865 2179 1019 2220 propter
1050 2172 1320 2216 fortitudinem,
1349 2178 1387 2208 et
1421 2174 1536 2208 nubes
1568 2172 1667 2208 leves
1700 2178 1737 2208 et

453 2234 608 2274 ῒαιιιως
639 2230 705 2266 sed
734 2230 870 2276 spissas
908 2241 982 2266 non
1017 2230 1228 2276 pertransit.
1279 2230 1358 2267 Nec
1396 2235 1523 2266 tamen
1563 2241 1604 2266 se
1636 2229 1738 2266 videt

454 2291 610 2334 propter
641 2287 913 2334 elongationem
948 2287 1099 2334 speculi.
1134 2293 1170 2323 et
1205 2292 1356 2334 propter
1387 2287 1573 2323 defectum
1607 2287 1738 2333 plenae

455 2343 659 2392 politurae:
686 2357 760 2381 non
788 2344 888 2381 enim
917 2344 1057 2382 hahent
1092 2344 1305 2392 superficies
1341 2344 1476 2392 politas
1517 2344 1668 2381 omnino
1702 2350 1739 2381 et

454 2402 652 2451 regulares.
701 2402 893 2439 Distantia
932 2407 1058 2439 tamen
1092 2402 1250 2450 impedit
1291 2403 1465 2447 maxime,
1498 2402 1592 2439 sicut
1625 2402 1657 2438 si
1689 2402 1737 2438 ad

454 2469 568 2495 unam
589 2458 737 2494 leucam
764 2464 962 2506 poneretur
986 2459 1175 2504 speculum
1205 2470 1391 2504 magnum,
1407 2459 1465 2493 vel
1492 2458 1538 2493 ad
1565 2458 1656 2493 duas
1681 2456 1738 2493 vel

452 2522 539 2560 tres,
564 2522 890 2564 quantumcunque
914 2528 1093 2563 magnum
1120 2522 1228 2558 esset,
1254 2528 1327 2552 non
1354 2521 1504 2563 propter
1527 2515 1598 2552 hoc
1624 2515 1738 2552 homo

453 2585 496 2611 se
526 2574 692 2618 videret;
725 2581 765 2611 et
803 2573 890 2611 ideo
922 2585 990 2611 nec
1030 2585 1097 2622 per
1139 2574 1268 2617 nubes,
1310 2574 1485 2620 quoniam
1527 2573 1667 2610 distant
1716 2583 1739 2609 a

454 2632 565 2670 uobis
596 2632 741 2669 circiter
768 2633 1037 2680 quinquaginta
1066 2632 1248 2675 milliaria,
1274 2633 1370 2669 sicut
1399 2632 1552 2668 docetur
1581 2632 1616 2666 in
1643 2631 1738 2666 libro

453 2690 504 2726 de
528 2689 772 2737 Crepusculis.

505 2748 635 2785 Potest
650 2760 738 2785 vero
760 2749 854 2785 visio
879 2749 1108 2785 infirmorum
1134 2753 1171 2784 et
1199 2749 1382 2784 ebriorum
1407 2746 1515 2783 aliter
1538 2745 1738 2790 aestimari,
1752 2749 1878 2777 Another

454 2805 597 2843 scilieet
614 2806 812 2854 pervisum
831 2812 981 2843 rectum.
1033 2806 1133 2843 Nam
1160 2806 1303 2853 species
1327 2816 1456 2841 eorum
1482 2810 1568 2840 sunt
1593 2805 1629 2840 in
1654 2816 1737 2841 aere
1752 2785 1914 2851 ζ-ᾚᾯἺῃ,

453 2868 544 2902 ante
559 2875 635 2907 eos,
646 2868 686 2900 et
699 2865 788 2912 quia
803 2865 922 2902 virtus
938 2865 1052 2902 visiva
1065 2870 1122 2901 est
1132 2864 1268 2900 debilis
1283 2864 1370 2900 ideo
1383 2863 1507 2899 statim
1519 2863 1739 2899 terminatur
1752 2859 1873 2887 5¹¹¹¹⁸¹⁰m

453 2927 496 2959 et
510 2920 710 2970 lit-speci&
727 2923 765 2958 in
782 2935 867 2960 aere
881 2923 917 2959 ei
934 2935 1003 2969 pro
1028 2923 1188 2968 objecto,
1205 2922 1301 2957 sicut
1325 2921 1426 2968 prius
1452 2921 1592 2957 dictum
1618 2926 1674 2956 est
1691 2921 1739 2956 de

454 2979 570 3017 debili
586 2979 697 3017 oculo
714 2982 815 3028 quod
835 2982 933 3018 videt
950 2980 1150 3027 aliquando
1167 2979 1330 3026 speciem
1347 2991 1430 3015 cum
1449 2991 1487 3015 re
1505 2985 1544 3015 ut
1561 2983 1738 3025 appareat
