2350 3580
582 700 652 746 326
823 699 998 735 OPERIS
1022 698 1234 739 uAJORts
1260 697 1387 733 PARS
1413 697 1633 733 SEPTIMA.

583 795 765 838 peccant:
802 789 840 826 in
871 800 1044 826 venerem
1078 800 1123 827 ae
1154 788 1347 826 libidinem
1381 787 1628 835 proiectorum
1663 786 1858 823 inhonesta

584 849 690 885 tabee
711 852 780 884 aet.
799 874 808 882 .
827 876 837 886 .
855 874 864 883 .
882 848 1028 883 Deinde
1053 848 1150 883 inter
1165 858 1296 883 omnes
1319 847 1490 882 convenit
1510 845 1649 881 nullam
1674 855 1749 880 rem
1767 844 1863 880 bene

586 917 696 952 posse
724 906 886 942 exerceri
911 906 960 942 ab
984 905 1138 941 homine
1161 910 1363 952 occuparem
1399 915 1472 940 non
1498 902 1758 949 eloquentiam,
1789 911 1863 937 non

586 963 756 1000 liberales
788 962 1010 1009 disciplinas,
1042 963 1194 1010 quando
1228 962 1413 999 districtus
1445 961 1591 997 animus
1625 959 1715 997 nihil
1754 958 1865 995 altius

587 1021 726 1068 recipit.
752 1026 791 1057 et
819 1021 944 1057 omnia
969 1020 1072 1057 velut
1101 1019 1281 1057 inculcata
1310 1019 1459 1066 respuit.
1523 1018 1626 1054 Nihil
1656 1018 1778 1052 minus
1807 1022 1865 1052 eat

587 1079 744 1114 hominIs
768 1079 938 1126 occupati
962 1089 1074 1124 quam
1096 1076 1241 1113 vivere:
1275 1076 1410 1112 nullius
1434 1077 1484 1112 rei
1510 1074 1687 1111 difficilior
1711 1073 1865 1110 scientia

588 1141 652 1171 eet.
705 1134 931 1177 Prosaeeoren
948 1134 1101 1170 aliarum
1118 1134 1252 1171 artium
1269 1133 1381 1181 vulgo
1405 1132 1583 1179 multique
1601 1138 1694 1186 aunt.
1745 1131 1866 1178 Quas—

588 1193 675 1229 dam
699 1203 788 1228 vero
815 1190 882 1241 [ex
907 1189 983 1241 his]
1010 1192 1114 1239 pueri
1139 1192 1343 1228 admodum
1367 1191 1421 1226 ita
1445 1190 1653 1238 percepisse
1674 1189 1743 1224 visi
1767 1193 1865 1231 irunt,

587 1257 628 1286 ut
651 1250 764 1285 etiam
789 1250 1000 1296 praecipere
1021 1253 1195 1296 possent:
1221 1250 1341 1285 vivere
1361 1253 1442 1284 tota
1461 1249 1536 1283 vita
1552 1248 1769 1284 discendum
1787 1251 1867 1286 est;

589 1312 627 1343 et
644 1308 744 1353 quod
764 1309 881 1353 magis
899 1308 1050 1343 fortasse
1070 1307 1257 1348 mirabere,
1268 1311 1348 1342 tota
1360 1307 1436 1342 vita
1454 1305 1669 1342 discendnm
1685 1310 1743 1341 est
1760 1304 1866 1340 mori.

589 1364 665 1400 Tot
688 1364 843 1401 maximi
865 1365 930 1400 viri
951 1364 1085 1400 relictis
1108 1364 1281 1400 omnibus
1302 1363 1584 1410 impedimentis,
1607 1373 1689 1399 cum
1716 1361 1867 1404 divitiis,

590 1421 719 1458 officiis
735 1422 1059 1467 voluptatibusque
1084 1421 1363 1463 renuntiassent,
1382 1421 1452 1456 hoc
1470 1431 1583 1456 unum
1603 1421 1637 1455 in
1658 1426 1867 1455 extremam

590 1491 706 1525 usque
721 1484 881 1515 aetatem
901 1484 1053 1525 egerunt
1070 1483 1111 1514 ut
1127 1480 1249 1514 vivere
1265 1479 1407 1514 scirent.
1463 1479 1587 1514 Plures
1601 1484 1725 1514 tamen
1743 1489 1792 1512 ex
1810 1477 1867 1512 his

592 1537 756 1573 nondum
775 1548 815 1572 se
832 1537 925 1573 scire
948 1536 1102 1572 confessi
1119 1537 1196 1572 vita
1219 1536 1397 1572 abierunt.
1416 1562 1425 1570 .
1444 1563 1452 1571 .
1472 1562 1481 1570 .
1502 1535 1630 1583 Magni
1652 1535 1740 1572 mihi
1758 1534 1868 1571 crede

593 1598 630 1630 et
657 1605 768 1641 supra
797 1594 977 1630 humanos
1010 1605 1148 1630 errores
1175 1594 1372 1630 eminentis
1403 1593 1469 1629 viri
1503 1598 1558 1629 est
1592 1592 1681 1629 nihil
1715 1604 1765 1629 ex
1798 1603 1868 1627 suo

590 1656 759 1698 ternpore
792 1652 930 1688 dilabi²
961 1652 1088 1687 sinere.
1140 1652 1191 1687 Et
1221 1652 1305 1687 ideo
1336 1652 1416 1697 ejus
1446 1652 1521 1687 vita
1554 1651 1766 1697 longissima
1799 1655 1868 1689 est,

593 1709 677 1756 quia
704 1714 1030 1756 quantumcunque
1057 1709 1188 1755 patuit,
1212 1714 1334 1745 totum
1359 1709 1427 1755 ipsi
1452 1709 1605 1745 vacavit.
1656 1708 1756 1744 Nihil
1782 1708 1868 1743 inde

593 1766 770 1803 incultum
801 1767 1034 1812 otiosumque
1064 1764 1245 1815 [vaeavit]
1281 1766 1367 1803 nihil
1401 1767 1470 1802 sub
1496 1767 1570 1803 alio
1594 1765 1683 1801 'fuit.
1736 1765 1870 1811 Neque

594 1824 691 1858 enim
728 1824 926 1870 quicquam
966 1822 1125 1871 reperit⁸
1159 1825 1313 1871 dignum
1347 1825 1447 1871 quod
1481 1835 1565 1859 cum
1601 1829 1768 1870 tempore
1800 1834 1870 1858 suo

595 1887 820 1927 permutaret
837 1887 961 1918 custos
981 1882 1059 1927 'ejus
1078 1883 1310 1928 parcissimus
1322 1881 1345 1916 ³.
1391 1882 1518 1927 Itaque
1541 1880 1629 1917 satin
1647 1880 1696 1916 illi
1714 1880 1802 1923 suin
1826 1880 1870 1916 iis

595 1950 681 1974 vero
707 1949 855 1975 necesse
880 1945 934 1974 est
966 1939 1133 1981 defuisse,
1158 1951 1209 1975 ex
1242 1950 1399 1986 quorum
1425 1939 1501 1974 vita
1530 1939 1683 1974 multum
1712 1938 1871 1986 populus

595 1995 701 2039 tulit,⁵
728 1997 810 2044 plus
827 1996 914 2031 vitia
939 1996 1143 2032 detraxere.
1164 2023 1172 2031 .
1194 2023 1201 2031 .
1223 2023 1230 2031 .
1250 1997 1473 2043 ‘Dispunge‚
1492 1997 1652 2043 inquam,
1668 2003 1706 2032 et
1723 2007 1871 2032 recense

596 2054 694 2089 vitae
710 2059 798 2089 tuae
815 2055 914 2097 dies;
937 2055 1079 2090 videbis
1093 2066 1230 2100 paucos
1248 2055 1447 2090 admodum
1467 2060 1503 2090 et
1518 2053 1698 2090 reiculos*
1716 2054 1816 2099 apud
1834 2060 1871 2089 te

596 2111 771 2147 resedisse
798 2139 804 2146 .
832 2137 841 2146 .
869 2137 876 2146 .
903 2110 959 2147 At
989 2112 1050 2147 ille
1074 2113 1134 2158 qui
1163 2112 1303 2147 nullum
1329 2122 1403 2147 non
1430 2118 1576 2158 tempus
1605 2112 1641 2147 in
1669 2122 1758 2148 usus
1784 2122 1871 2147 suos

596 2168 828 2215 consen-nqui
859 2179 988 2205 omnes
1019 2170 1095 2205 dies
1123 2176 1301 2215 tanquam
1327 2169 1467 2206 vitam⁵
1492 2170 1645 2212 ordinat,
1669 2181 1736 2206 nec
1765 2175 1872 2216 optat

597 2227 795 2261 crastinum
823 2237 890 2262 nec
919 2228 1048 2262 timet:
1085 2227 1265 2262 fortunam
1292 2227 1370 2272 jam
1399 2233 1439 2263 ut
1465 2228 1563 2262 volet
1589 2228 1758 2268 ordinat;
1796 2227 1871 2262 vita

595 2282 672 2329 jam
692 2284 727 2318 in
746 2289 828 2319 tuto
843 2289 910 2319 est.
962 2282 1062 2320 Huic
1085 2285 1194 2330 adjici
1215 2290 1347 2330 potest,
1367 2285 1511 2320 detrahi
1536 2285 1636 2320 nihil.
1687 2285 1738 2320 Et
1763 2285 1871 2329 adjici

595 2341 648 2377 sic
664 2341 977 2387 quemadmodum
994 2348 1119 2377 saturo
1141 2341 1219 2387 jam
1236 2347 1273 2378 et
1299 2342 1407 2389 pleno
1425 2342 1563 2388 aliquid
1585 2341 1667 2382 cibi.
1686 2343 1785 2388 quod
1806 2353 1871 2378 nec

597 2398 789 2443 desiderat,
821 2399 930 2444 capit.
999 2398 1085 2434 Non
1110 2404 1168 2435 est
1194 2400 1321 2445 itaque
1345 2401 1443 2444 quod
1470 2411 1694 2445 quemquam
1723 2405 1874 2445 propter

597 2467 708 2491 canos
732 2462 797 2491 aut
818 2467 926 2502 rugas
945 2462 1052 2502 putes
1072 2457 1134 2492 diu
1157 2457 1294 2492 vixisse
1301 2469 1312 2499 3
1341 2469 1414 2492 non
1438 2457 1498 2493 ilie
1518 2458 1579 2493 diu
1598 2458 1703 2500 vixit,
1718 2458 1785 2492 sed
1809 2458 1871 2493 diu

597 2513 677 2548 suit.
741 2512 839 2558 Quid
875 2513 970 2549 enim
1008 2514 1037 2549 si
1072 2513 1174 2549 illurn,
1210 2514 1365 2550 multum
1403 2520 1507 2560 putes
1543 2516 1733 2560 navigasse
1760 2525 1871 2560 quem

598 2581 706 2605 saeva
741 2575 941 2617 tempestas
974 2582 998 2605 a
1031 2577 1138 2617 portu
1172 2577 1372 2618 exceptum
1407 2572 1478 2609 huc
1513 2579 1550 2608 et
1585 2572 1669 2608 illuc
1703 2572 1797 2614 tulit,
1829 2583 1872 2606 ac

599 2627 737 2663 vicibus
761 2635 951 2664 ventorum
978 2640 1026 2664 ex
1052 2630 1196 2664 diverso
1222 2630 1419 2665 furentium
1446 2642 1510 2676 per
1536 2631 1665 2665 eadem
1692 2631 1810 2675 spatia
1836 2631 1872 2664 in

598 2685 726 2721 orbem
764 2686 866 2731 egit?
934 2685 1019 2722 Non
1064 2686 1125 2722 ille
1164 2686 1324 2722 multum
1367 2689 1561 2734 navigavit,
1602 2689 1667 2723 sed
1716 2687 1873 2722 multum

602 2743 735 2777 'aetatu
841 2771 848 2778 .

415 2797 462 2823 ne
476 2796 565 2823 umi-
596 2754 609 2789 J
650 2749 928 2828 ‘Mirzrfsgoleo
954 2802 1038 2828 cum
1065 2793 1174 2829 video
1206 2793 1347 2839 aliquos
1372 2798 1518 2841 tempus
1544 2799 1722 2839 petentes,
1749 2800 1785 2830 et
1811 2805 1874 2830 eos

413 2838 468 2860 uite
484 2833 570 2863 Vitae,

413 2878 473 2905 cap.
488 2872 515 2896 υ.
636 2882 644 2898 ¹
666 2882 795 2915 delibari,
808 2883 837 2908 in
851 2883 972 2911 Seneca.
1091 2882 1101 2899 ¹
1122 2884 1256 2919 respexit,
1274 2884 1308 2911 D.
1323 2887 1352 2912 et
1367 2883 1401 2912 Ο.
1506 2884 1517 2901 ⁸
1536 2884 1734 2919 peritissimus,
1749 2884 1838 2913 ESS.

638 2925 646 2941 ⁸
668 2925 811 2959 ridiculos,
827 2926 865 2953 D.
877 2931 906 2953 et
919 2925 956 2955 0.
1359 2927 1370 2942 ¹
1389 2936 1482 2961 unam,
1497 2927 1533 2955 Ο.
