2350 3580
375 339 1978 562 -—

644 714 1006 750 PERSPECTWAE
1030 715 1159 750 PARS
1190 716 1387 750 TERTIA.-
1413 716 1535 751 Dlsr.
1563 717 1763 761 II.157

488 805 648 845 tertius¹
684 807 735 845 de
768 807 966 855 sphaericis
1001 806 1228 855 corporibus
1260 817 1415 853 quomm
1452 807 1663 844 concavitas
1703 809 1899 844 este-timu
1918 807 1953 837 or

1797 845 1951 881 «Παιτικ-

487 875 616 902 versns
642 865 791 902 oculum
818 869 858 901 et
881 864 1008 901 oculus
1036 869 1093 900 est
1118 865 1157 900 in
1179 863 1342 901 densiori
1366 864 1497 908 medio,
1521 865 1697 912 quoniam
1721 863 1759 900 in
1773 849 1892 911 {im

487 922 614 959 medio
636 921 860 965 elementari.
882 927 921 959 et
946 932 1004 958 res
1030 922 1068 958 in
1091 921 1283 964 subtiliori.
1306 920 1444 959 scilicet
1471 921 1508 958 in
1536 921 1697 967 code-fi,
1720 928 1760 959 et

487 979 617 1017 oculus
644 985 702 1018 est
724 979 821 1017 inter
843 985 1009 1017 centrum
1032 985 1071 1017 et
1093 978 1249 1017 visibile.
1299 979 1351 1014 Et
1374 979 1607 1027 apparebunt
1630 980 1759 1018 stellae

488 1038 649 1074 minores
675 1049 786 1084 quam
816 1043 910 1081 sunt,
938 1041 977 1073 et
1003 1048 1116 1084 quam
1145 1043 1365 1085 apparerent
1392 1038 1424 1073 si
1453 1038 1615 1074 medium
1645 1049 1759 1074 unum

486 1099 595 1138 esset,
619 1094 792 1142 qnoniam
817 1093 888 1131 sub
914 1093 1044 1131 minori
1070 1094 1208 1142 angulo
1230 1094 1411 1139 videntur,
1426 1099 1466 1131 et
1489 1094 1543 1130 sie
1566 1094 1635 1132 erit
1658 1106 1760 1132 error

485 1151 526 1188 in
545 1151 686 1199 judicio
709 1153 809 1189 vinis
825 1153 873 1189 de
896 1151 1021 1189 stellis.
1071 1151 1112 1189 Si
1137 1152 1282 1189 dicatur
1295 1153 1396 1199 quod
1421 1152 1547 1200 imago
1567 1158 1626 1189 est
1648 1152 1759 1200 longe

487 1209 607 1258 major
629 1221 680 1253 re,
705 1214 744 1245 et
771 1210 856 1246 ideo
882 1209 1074 1257 apparebit
1098 1209 1238 1257 major:
1267 1210 1397 1245 iterum
1427 1210 1458 1245 si
1487 1210 1632 1246 dicatur
1658 1211 1760 1257 quod

487 1266 592 1304 loeus
619 1267 789 1313 imaginis
816 1272 872 1304 est
898 1267 1010 1314 longe
1039 1266 1138 1303 ultra
1164 1278 1254 1311 rem,
1283 1272 1322 1303 et
1354 1267 1439 1304 ideo
1473 1268 1592 1314 magis
1623 1268 1760 1304 distare

485 1324 680 1369 videbitur,
700 1329 740 1362 et
763 1323 848 1361 ideo
870 1323 1011 1371 majora
1032 1324 1272 1372 apparebunt.
1294 1335 1381 1360 nam
1402 1325 1567 1371 superius
1589 1324 1758 1361 habiturn

486 1386 544 1419 est
567 1383 668 1429 quod
692 1393 738 1419 ea
765 1392 862 1428 quae
888 1382 1007 1428 magis
1034 1382 1208 1419 videntur
1234 1382 1371 1419 distare
1399 1381 1541 1428 majora
1566 1383 1757 1420 videntur:

485 1439 682 1476 dicendum
704 1444 761 1475 est
778 1439 828 1475 ad
850 1439 1019 1485 primum.
1037 1440 1138 1485 quod
1159 1440 1350 1486 quantitas
1370 1440 1496 1486 anguli
1518 1440 1706 1487 praevalet
1723 1441 1758 1475 in

486 1496 568 1533 istis
586 1496 888 1544 apparitionibus.
937 1495 988 1532 Et
1006 1496 1090 1533 ideo
1112 1496 1201 1543 quia
1219 1499 1290 1533 sub
1314 1498 1445 1532 minori
1461 1496 1598 1544 angulo
1613 1498 1760 1534 videtur

484 1553 602 1597 stella,
618 1565 692 1590 non
708 1555 831 1591 obstat
847 1554 1066 1601 magnitudo
1081 1554 1254 1601 imaginis
1270 1555 1317 1591 ad
1331 1547 1478 1591 s‘ensum
1492 1556 1592 1602 quod
1609 1562 1760 1602 propter

485 1612 691 1648 mediorum
711 1612 983 1658 perspicuorum
1003 1613 1308 1657 transparentiam
1331 1623 1485 1658 corpora
1505 1612 1760 1658 interjacentia

484 1678 559 1705 non
586 1668 846 1716 percipiuntur,
870 1674 908 1705 et
932 1669 1018 1704 ideo
1043 1680 1118 1705 non
1147 1669 1347 1715 percipitur
1376 1669 1552 1706 distantia
1581 1669 1758 1716 imaginis,

484 1726 573 1773 quia
587 1737 611 1763 a
626 1727 825 1770 remotiori¹
840 1732 883 1764 ut
899 1727 999 1775 prius
1018 1727 1187 1764 habitum
1203 1733 1272 1769 est,
1290 1738 1362 1764 non
1385 1728 1618 1774 cognoscitur
1637 1739 1662 1764 a
1678 1727 1758 1764 visu

485 1784 555 1821 nisi
583 1785 831 1830 percipiantur
857 1795 1010 1831 corpora
1040 1785 1305 1832 interjacentia.
1355 1785 1406 1821 Et
1430 1785 1516 1822 ideo
1544 1785 1630 1823 licet
1657 1785 1759 1822 locus

484 1842 658 1888 imaginis
672 1842 721 1878 sit
738 1842 922 1885 remotior,
937 1847 974 1878 et
990 1847 1170 1888 appaer
1187 1842 1245 1878 hic
1261 1843 1354 1878 visui
1371 1854 1436 1890 per
1452 1853 1622 1885 errorem,
1635 1848 1758 1879 tamen

485 1899 686 1936 secundum
710 1899 901 1936 veritatem
926 1898 1026 1936 visus
1050 1910 1123 1935 non
1149 1900 1308 1947 percipit
1332 1899 1427 1936 hanc
1452 1900 1705 1944 remotionem,
1720 1906 1760 1936 et

485 1957 572 1994 ideo
586 1967 662 1994 non
679 1957 791 1994 debet
808 1968 866 1992 res
882 1967 1060 2003 apparere
1076 1956 1196 2004 major
1212 1963 1363 2004 propter
1379 1957 1458 1994 hoc

534 2014 576 2051 Si
590 2025 680 2050 vero
690 2014 804 2050 homo
817 2014 972 2061 aspiciat
986 2014 1108 2050 literas
1123 2019 1161 2050 et
1172 2015 1268 2051 alias
1279 2026 1335 2051 res
1349 2015 1507 2051 minutas
1518 2027 1585 2062 per
1598 2016 1756 2052 medium
1772 2023 1946 2087 ungnifying

484 2071 647 2118 crystalli
669 2071 726 2108 vei
748 2071 832 2107 vitri
854 2071 912 2107 vel
931 2071 1081 2108 alterius
1104 2071 1288 2119 perspicui
1308 2072 1487 2119 suppositi
1511 2073 1634 2116 literis,
1649 2079 1687 2108 et
1709 2059 1839 2109 sitm

483 2129 607 2176 portio
628 2129 748 2166 minor
768 2129 945 2176 sphaerae
967 2129 1072 2176 cujus
1092 2130 1308 2166 convexitas
1327 2130 1375 2165 sit
1399 2140 1523 2166 versus
1543 2129 1702 2170 oculum.
1718 2135 1757 2166 et

483 2185 614 2222 omnus
633 2187 682 2222 sit
706 2186 745 2222 in
762 2197 855 2229 aere,
871 2185 981 2232 longe
1002 2185 1132 2221 melius
1154 2187 1299 2222 videbit
1319 2186 1445 2222 literas
1465 2191 1504 2223 et
1525 2187 1758 2233 apparebunt

483 2242 518 2280 ei
546 2242 715 2290 majores.
764 2242 863 2280 Nam
891 2245 1092 2280 secundum
1126 2244 1319 2281 veritatem
1352 2243 1501 2280 canonis
1534 2244 1676 2291 quinti²
1709 2245 1757 2280 de

483 2300 676 2348 sphaerico
697 2301 820 2337 medio
844 2300 938 2338 infra
962 2301 1062 2348 quod
1094 2306 1152 2337 est
1181 2312 1239 2337 ree
1265 2300 1323 2337 vel
1355 2301 1448 2338 citra
1473 2301 1552 2348 ejus
1582 2308 1757 2345 centrum,

483 2362 521 2394 et
541 2357 645 2404 cujus
669 2359 885 2395 convexitas
910 2363 966 2394 est
982 2369 1108 2394 versus
1132 2358 1293 2398 oculum,
1310 2359 1433 2394 omnia
1456 2359 1681 2396 concordant
1705 2359 1754 2395 ad

482 2416 786 2462 magnitudinem,
809 2416 897 2461 quia
921 2416 1077 2461 angulus
1101 2416 1220 2461 major
1246 2421 1312 2460 est,
1335 2417 1405 2452 sub
1434 2427 1510 2462 quo
1538 2417 1692 2459 videtur,
1717 2422 1755 2452 et

482 2472 607 2520 imago
629 2478 687 2510 est
710 2472 837 2519 maior.
854 2478 894 2509 et
915 2472 1019 2509 locus
1043 2473 1215 2520 imaginis
1239 2478 1296 2509 est
1320 2474 1570 2520 propinquior,
1586 2474 1674 2520 quia
1697 2484 1756 2510 res

482 2534 540 2567 est
561 2530 656 2567 inter
677 2530 823 2567 oculum
846 2538 884 2567 et
906 2535 1079 2567 centrum.
1131 2530 1184 2567 Et
1206 2530 1292 2567 ideo
1308 2530 1380 2567 hoc
1401 2531 1683 2568 instrumentum
1701 2537 1757 2568 est

483 2586 575 2624 utile
609 2586 759 2624 senibus
790 2591 828 2624 et
866 2586 1085 2624 habentibus
1117 2586 1245 2624 oculos
1282 2586 1432 2624 debiles.
1483 2588 1581 2624 Nam
1613 2589 1756 2624 literam

482 2650 809 2692 quantumcunque
830 2655 981 2691 parvam
1008 2651 1164 2692 possunt
1189 2644 1312 2681 videre
1336 2644 1374 2681 in
1399 2645 1592 2682 sufficienti
1615 2645 1758 2692 magni·

482 2702 624 2738 urdine.
672 2701 715 2738 si
731 2713 820 2738 vero
836 2703 886 2738 sit
907 2703 1028 2749 portio
1050 2703 1169 2749 major
1189 2702 1366 2749 sphaerae
1387 2702 1445 2738 vei
1470 2703 1648 2739 medietas
1669 2709 1757 2740 tunc

518 2812 668 2852 ¹553.63.
707 2814 1269 2844 trumbenoeioedthatwlutB-con
1288 2815 1758 2851 nysimthntintluteuethe

479 2857 1758 2895 oumwmbeseenmnheroff,unnerammernngie,mdtheifflssewmbe

478 2904 607 2937 Μ.

516 2943 529 2962 ⁸
546 2944 605 2973 See
620 2943 668 2979 ng.
683 2944 728 2978 65.
