2350 3580
616 508 684 544 474
911 499 1011 533 MUL
1017 499 1199 533 TJPLJcA
1206 499 1284 533 πο
1310 499 1594 534 SPECJERUM.

617 600 703 625 cum
727 589 798 624 hoc
823 588 872 625 sit
895 600 1033 631 verum,
1056 590 1105 625 de
1128 589 1345 625 necessitate
1369 590 1545 636 sequitur,
1562 587 1667 636 quod
1691 587 1807 625 stella
1829 599 1900 624 non

618 647 789 682 videatur
819 657 966 692 semper
998 647 1035 682 in
1067 646 1150 683 loco
1182 658 1250 683 suo
1282 657 1381 690 vero,
1417 657 1484 683 nec
1518 657 1584 692 per
1616 646 1739 682 lineas
1774 652 1900 682 rectas.

620 703 808 750 Quoniam
833 704 864 739 si
888 704 924 739 in
949 715 1018 739 suo
1042 703 1124 741 loco
1147 715 1234 739 vero
1258 715 1404 750 semper
1424 704 1610 740 videretur
1632 710 1674 739 et
1697 714 1768 749 per
1790 702 1902 738 lineas

620 766 752 804 rectas,
773 766 861 797 tunc
882 762 1038 797 eandem
1060 762 1273 798 distantiam
1296 773 1321 797 a
1342 761 1430 807 polo
1453 761 1589 797 habere
1607 760 1845 807 judicaretur
1867 761 1902 795 in

620 818 813 854 horizonte
835 824 874 854 et
897 818 994 860 alibi,
1014 819 1102 865 quia
1126 819 1163 854 in
1189 820 1319 855 eadem
1346 824 1454 854 nocte
1478 824 1517 854 et
1539 830 1691 865 semper
1714 818 1904 853 videretur

621 876 706 911 ferri
728 876 765 911 in
786 876 918 912 eodem
943 876 1078 912 circulo
1101 876 1384 923 aequidistante.
1434 876 1516 912 Nisi
1540 877 1643 921 quod
1669 876 1708 911 in
1734 876 1903 911 maximo

622 939 790 979 tempore
806 932 913 969 aliter
929 939 1093 980 apparet,
1108 934 1320 970 secundum‘
1332 934 1436 980 quod
1452 933 1591 969 Thebit
1601 932 1614 954 ¹
1633 939 1674 969 et
1693 933 1806 968 multi
1823 942 1903 979 pro-

620 990 812 1027 bationum
850 992 1018 1037 magistri
1057 991 1303 1035 firmaverunt,
1338 991 1478 1028 scilicet
1517 991 1639 1037 capita
1681 991 1828 1027 Arietis
1867 995 1904 1025 et

621 1047 757 1083 Librae
773 1047 912 1084 zodiaci
930 1047 1075 1084 mobilis
1093 1049 1130 1084 in
1147 1048 1290 1085 circulis
1312 1048 1484 1085 brevibus
1501 1049 1596 1085 cirea
1617 1049 1747 1094 capita
1765 1045 1904 1083 Arietis

620 1111 660 1141 et
682 1105 816 1141 Librae
837 1106 979 1141 zodiaci
998 1105 1199 1142 immobilis
1222 1106 1356 1143 circum
1374 1107 1468 1149 ferri,
1484 1112 1549 1141 aut
1568 1110 1692 1142 totum
1709 1106 1903 1141 zodiacum

622 1162 799 1199 mobilem
828 1164 968 1199 moveri
998 1169 1102 1199 motu
1133 1163 1350 1200 accessionis
1384 1169 1421 1200 et
1456 1164 1670 1200 recessionis
1699 1163 1904 1199 secundum

622 1220 854 1257 latitudinem
887 1222 1119 1258 ascendendo
1151 1227 1190 1258 et
1223 1222 1491 1264 descendendo,
1522 1226 1563 1256 ut
1594 1220 1788 1268 sapientes
1823 1219 1904 1255 Indi

622 1284 835 1325 posuerunt,
851 1283 915 1315 aut
934 1284 1084 1324 propter
1104 1278 1267 1325 aliquem
1289 1279 1404 1314 alium
1429 1284 1583 1320 motum,
1598 1288 1713 1324 quem
1736 1276 1904 1322 magistri

624 1335 883 1382 probationum
902 1336 1204 1382 excogitaverunt
1223 1348 1304 1372 esse
1322 1336 1536 1384 possibilem
1559 1335 1597 1371 in
1614 1334 1723 1372 coelo
1742 1335 1905 1376 stellato,

623 1394 702 1430 sive
719 1394 768 1429 sit
785 1394 952 1429 inventus
969 1393 1099 1437 adhuc,
1109 1394 1188 1430 sive
1205 1405 1300 1437 non;
1325 1395 1527 1430 secundum
1544 1394 1645 1440 quod
1664 1404 1760 1429 unus
1777 1403 1904 1428 eorum

622 1450 827 1497 Albategni
846 1451 944 1493 dicit,
968 1451 1143 1497 possibile
1164 1456 1220 1489 est
1243 1451 1404 1498 aliquem
1429 1457 1573 1487 motum
1596 1451 1633 1486 in
1656 1449 1765 1486 coelo
1790 1450 1905 1485 latere

623 1519 772 1545 omnem
806 1507 1078 1555 philosophum.
1130 1508 1226 1545 Cum
1259 1509 1372 1555 igitur
1400 1520 1474 1545 non
1506 1509 1677 1544 videatur
1704 1507 1818 1542 stella
1851 1517 1905 1542 se-

622 1566 786 1602 cundum
816 1565 932 1602 lineas
962 1572 1089 1610 rectas,
1118 1573 1269 1613 propter
1296 1566 1478 1602 diversam
1512 1565 1724 1602 distantiam
1758 1576 1784 1600 a
1817 1564 1905 1611 polo

624 1634 737 1670 quam
763 1623 898 1660 habere
923 1635 998 1659 non
1025 1629 1149 1670 potest
1173 1625 1374 1660 secundum
1399 1624 1604 1667 veritatem,
1629 1627 1779 1669 oportet
1802 1621 1904 1667 quod

623 1680 791 1717 videatur
816 1680 963 1724 reflexe,
985 1681 1044 1717 vel
1066 1681 1269 1717 secundum
1294 1681 1428 1717 lineam
1454 1679 1632 1722 fractam3
1654 1680 1722 1716 sed
1747 1691 1825 1715 non
1848 1676 1904 1714 eut

624 1737 675 1773 ibi
696 1737 862 1782 reflexio,
883 1750 968 1775 cum
991 1749 1065 1774 non
1086 1739 1135 1774 sit
1158 1738 1207 1773 ibi
1230 1738 1384 1774 densum
1402 1750 1411 1782 ;
1436 1743 1584 1784 oportet
1602 1748 1692 1784 ergo
1711 1737 1815 1783 quod
1839 1747 1904 1783 per

623 1795 759 1831 linaem
777 1795 931 1832 fractam
947 1797 1126 1832 videatur.

438 1859 585 1889 Alhnm'·
675 1852 727 1888 Et
748 1853 918 1889 Alhazen
939 1853 1096 1900 exponit
1114 1853 1365 1890 Ptolemaeum
1389 1853 1426 1889 in
1443 1853 1512 1889 hac
1531 1858 1635 1899 parte
1655 1851 1750 1888 sicut
1768 1853 1807 1887 in
1824 1851 1905 1887 aliis

437 1902 614 1962 rosor
625 1910 762 1953 dicens,
778 1911 909 1957 quod‘
921 1911 952 1947 si
977 1911 1109 1957 aliquis
1128 1910 1286 1947 voluerit
1308 1912 1378 1947 hoc
1401 1911 1570 1957 experiri,
1586 1910 1744 1955 accipiat
1768 1909 1903 1944 instru-

437 1933 589 2013 33¹⁰an-
627 1973 792 2004 mentum
812 1969 859 2004 de
881 1968 1035 2004 armillis
1052 1974 1090 2004 et
1112 1974 1227 2014 ponat
1245 1968 1361 2004 illud'
1350 1979 1388 2004 in
1410 1967 1493 2003 loco
1509 1967 1694 2010 eminenti,
1711 1972 1750 2002 et
1767 1966 1808 2002 in
1830 1977 1904 2013 quo

579 2027 588 2035 '
625 2026 763 2072 poterit
791 2037 969 2073 apparere
1002 2026 1154 2062 horizon
1182 2025 1378 2069 orientalis,
1409 2029 1448 2062 et
1476 2030 1590 2072 ponat
1619 2025 1904 2060 instrumentum

625 2083 851 2119 armillarum
872 2095 940 2120 suo
965 2084 1077 2120 modo
1103 2083 1263 2130 proprio,
1284 2083 1433 2126 scilicet,
1452 2083 1554 2128 quod
1578 2086 1694 2128 ponat
1719 2081 1903 2117 armillam

624 2152 722 2188 quae
731 2148 788 2178 est
801 2142 838 2177 in
848 2141 932 2178 loco
944 2141 1067 2178 circuli
1079 2141 1327 2178 meridionalis
1340 2141 1377 2176 in
1389 2139 1582 2186 superficie
1592 2139 1717 2176 circuli
1729 2139 1904 2181 meridiei,

626 2205 664 2235 et
682 2199 789 2245 polus
806 2199 885 2245 ejus
897 2200 945 2235 sit
962 2199 1070 2235 altior
1086 2204 1191 2242 terra,
1205 2199 1408 2235 secundum
1424 2196 1655 2233 altitudinem
1674 2197 1751 2243 poli
1773 2196 1904 2232 mundi

627 2268 735 2303 super
751 2257 943 2293 horizonta
966 2257 1037 2292 loci
1057 2257 1094 2292 in
1110 2267 1184 2303 qua
1208 2257 1358 2302 ponitur
1374 2255 1669 2298 instrumentum,
1685 2259 1723 2289 et
1741 2254 1776 2289 in
1795 2260 1905 2289 nocte

626 2315 823 2351 observet²
852 2314 1013 2360 aliquam
1037 2314 1183 2350 stellam
1209 2314 1368 2349 fixarum
1399 2323 1626 2359 magnarum,
1651 2322 1747 2357 quae
1772 2311 1905 2346 transit

629 2384 694 2419 per
711 2372 834 2407 zenith
851 2373 984 2417 capitis
1002 2371 1100 2407 illius
1112 2371 1183 2407 loci
1202 2378 1264 2407 aut
1279 2383 1404 2418 prope,
1419 2376 1459 2407 et
1475 2370 1644 2406 observet
1660 2379 1744 2405 eam
1762 2369 1800 2404 in
1821 2374 1904 2404 ortu

627 2441 695 2466 suo
712 2430 760 2466 ab
777 2431 917 2466 oriente
932 2441 940 2473 ;
964 2429 1070 2465 stella
1091 2435 1218 2465 autem
1235 2437 1327 2470 orta,
1348 2428 1510 2465 revolvat
1526 2426 1720 2471 armillam,
1735 2437 1834 2472 quae
1851 2436 1906 2461 re-

627 2486 788 2523 volvitur
808 2487 846 2523 in
863 2487 1015 2522 circuitu
1034 2487 1110 2532 poli
1133 2485 1410 2532 aequinoctialis
1431 2487 1550 2522 donec
1573 2484 1637 2520 fiat
1654 2484 1907 2530 aequidistans

628 2544 896 2591 aequinoctiali,
921 2550 959 2580 et
987 2544 1206 2581 certificetur
1234 2542 1338 2579 locus
1367 2543 1496 2579 stellae
1527 2554 1577 2578 ex
1605 2540 1759 2583 armilla,
1784 2547 1824 2577 et
1853 2541 1906 2577 sic

662 2658 673 2676 ¹
693 2658 750 2686 For
761 2656 890 2686 Thebit's
901 2657 1045 2692 imagined
1059 2658 1185 2686 ‘motion
1197 2658 1232 2686 os
1239 2657 1413 2693 trepidationi
1423 2657 1432 2668 ·
1443 2656 1478 2684 cf.
1492 2655 1546 2683 vol.
1560 2655 1579 2683 i.
1594 2663 1622 2690 p.
1637 2662 1698 2690 ιφ.

662 2702 674 2719 ¹
690 2702 719 2737 J.
732 2702 786 2730 has
792 2705 926 2738 pmnwe
936 2702 1006 2729 here
1022 2702 1079 2729 and
1095 2702 1257 2729 elsewhere
1272 2701 1448 2736 throughout
1459 2700 1508 2727 the
1525 2698 1682 2734 quotation.
1729 2697 1742 2725 1
1757 2697 1831 2724 bave
1844 2706 1907 2725 eor·

627 2746 725 2774 reeted
738 2746 761 2774 it
772 2746 845 2774 ἴωσι
858 2743 989 2773 Risner's
1001 2745 1111 2773 edition
1123 2744 1157 2772 of
1164 2745 1301 2773 Gerard’s
1313 2744 1482 2773 trudation
1493 2742 1527 2771 ol*
1534 2742 1664 2771 Αιδης-η
1676 2741 1739 2778 (lib.
1753 2740 1802 2768 vii.
1819 2741 1878 2776 15).
