2350 3580
612 734 679 779 308
846 734 1018 770 OPERIS
1043 734 1253 775 HAJORIS
1279 733 1406 767 PARS
1431 732 1653 767 SEPTIMA.

614 826 725 862 etiam
750 825 781 861 si
808 837 879 861 non
906 829 1120 871 pervertunt
1130 824 1154 869 ²,
1181 830 1223 861 ut
1243 823 1351 860 dolor
1373 824 1539 870 corporis
1563 829 1602 860 et
1624 822 1809 867 debilium,
1825 825 1893 858 aut

614 882 815 919 amicorum
843 882 1115 929 liberorumque
1148 881 1310 923 amissio.
1336 886 1373 918 et
1400 881 1543 929 patriae
1571 879 1668 917 bello
1702 879 1891 928 flagrantis

615 940 815 979 calamitas.
867 939 972 977 Haec
1005 951 1079 976 non
1114 951 1212 986 nego
1244 939 1381 976 sentire
1412 939 1627 987 sapientem.
1677 937 1759 975 Nec
1790 937 1889 973 enim

614 997 748 1042 lapidis
782 992 868 1048 [ini]
902 998 1074 1034 duritiam
1110 998 1239 1033 ferrive
1274 997 1479 1033 asserimus.
1541 996 1655 1032 Nulla
1684 996 1803 1032 virtus
1833 999 1890 1031 est

613 1066 708 1101 quae
742 1067 815 1090 non
848 1057 983 1092 sentiat
1008 1055 1161 1102 perpeti.
1212 1054 1312 1102 Quid
1343 1066 1432 1101 ergo
1465 1057 1550 1091 eat?
1585 1053 1767 1101 quosdam
1794 1052 1890 1089 ictus

614 1112 751 1159 recipit,
780 1112 846 1148 sed
875 1119 1043 1160 receptos
1070 1112 1205 1150 evincit
1234 1119 1272 1149 et
1305 1118 1412 1149 sanat
1444 1118 1482 1148 et
1508 1110 1730 1158 comprimit.
1782 1109 1890 1146 Haec

613 1180 700 1205 vero
728 1171 870 1205 minora
901 1181 950 1205 ne
981 1171 1097 1206 sentit
1125 1171 1294 1217 quidems
1311 1181 1379 1206 nec
1410 1170 1584 1206 adversus
1616 1179 1663 1204 ea,
1686 1168 1797 1204 solita
1826 1167 1890 1203 illa

613 1228 746 1262 virtute
769 1228 883 1263 utitur
909 1229 999 1264 dura
1021 1228 1210 1271 tolerandi,
1225 1228 1290 1263 sed
1315 1233 1381 1263 aut
1406 1239 1481 1263 non
1505 1227 1667 1268 adnotat,
1683 1230 1750 1261 aut
1774 1225 1888 1272 digna

614 1283 686 1320 risu
710 1290 823 1330 putat.

427 1352 558 1380 DeCon-
661 1342 873 1379 ‘Praeterea
899 1353 983 1379 cum
1018 1353 1192 1390 magnam
1227 1347 1372 1390 partem
1405 1341 1712 1379 contumeliarum
1738 1339 1888 1386 superbi

427 1388 549 1460 3⁸:3¹²st
614 1399 883 1446 insolentesque
908 1399 1045 1436 faciant
1065 1406 1103 1435 et
1129 1400 1228 1436 male
1252 1399 1463 1435 felicitatem
1487 1399 1654 1442 serentes,
1676 1399 1790 1434 habet
1814 1408 1889 1444 quo

613 1456 725 1492 Istum
770 1456 943 1493 affectum
981 1456 1150 1494 inflatum
1192 1462 1354 1504 respuat,
1391 1455 1674 1504 pulcherrimam
1715 1456 1889 1492 virtutem

613 1514 777 1550 omnium
804 1515 1170 1562 magnanimitatem:
1196 1515 1261 1551 illa
1284 1515 1458 1562 quicquid
1485 1514 1665 1562 ejusmodi
1689 1519 1747 1550 eet
1768 1518 1890 1549 trans-

614 1572 735 1614 currit,
761 1577 801 1607 ut
827 1584 941 1608 vanas
966 1573 1105 1618 species
1128 1572 1354 1608 somniorum
1379 1572 1551 1618 visusque
1574 1577 1772 1608 nocturnos
1796 1568 1887 1605 nihil

614 1628 792 1665 habentes
817 1630 923 1666 solidi
946 1635 1057 1676 atque
1072 1631 1148 1666 veri
1168 1657 1174 1666 .
1193 1657 1201 1666 .
1221 1656 1228 1665 .
1249 1629 1483 1666 Contumelia
1506 1642 1527 1665 a
1550 1633 1764 1676 contemptu
1788 1629 1889 1664 dicta

614 1693 680 1728 est,
692 1687 779 1732 quia
795 1698 903 1723 nemo
920 1687 988 1724 nisi
1001 1698 1110 1734 quern
1128 1687 1352 1733 contempsit
1367 1686 1433 1723 taIi
1452 1687 1581 1733 injuria
1598 1691 1713 1722 notat.
1765 1685 1889 1722 Nemo

613 1750 738 1780 autem
763 1745 942 1791 majorem
959 1745 1223 1791 melioremque
1239 1745 1451 1786 contemnit,
1467 1745 1578 1781 etiam
1596 1745 1625 1780 si
1646 1743 1733 1779 facit
1747 1742 1888 1789 aliquid

613 1803 712 1847 quod
726 1808 1001 1838 contemnentes
1014 1803 1143 1838 solent.
1190 1803 1288 1838 Nam
1305 1808 1343 1838 et
1361 1803 1463 1849 pueri
1476 1814 1518 1837 os
1536 1807 1728 1848 parentum
1744 1800 1888 1840 feriunt.

613 1865 650 1894 et
667 1860 783 1894 crines
801 1859 928 1895 matris
945 1860 1105 1895 turbavit
1123 1860 1370 1906 laceravitque
1383 1858 1498 1896 infans
1516 1865 1552 1895 et
1570 1865 1678 1906 sputo
1696 1859 1888 1906 adspersit.

614 1923 677 1951 aut
710 1917 863 1952 nudavit
895 1917 932 1951 in
967 1923 1165 1965 conspectu
1205 1928 1356 1953 suorum
1390 1917 1561 1963 tegenda,
1594 1923 1630 1952 et
1662 1917 1785 1952 verbis
1818 1916 1887 1951 ob-

613 1974 859 2009 scaenioribus
901 1985 972 2009 non
1012 1975 1185 2020 pepercit.
1252 1975 1302 2010 Et
1341 1974 1427 2010 nihil
1461 1974 1593 2009 horum
1627 1973 1888 2009 contumeliam

613 2031 777 2067 dicimus.
828 2030 979 2077 Quare?
1003 2032 1090 2077 quia
1114 2034 1176 2078 qui
1203 2031 1288 2068 fecit
1312 2037 1543 2067 contemnere
1567 2043 1638 2067 non
1657 2035 1783 2077 potest
1807 2056 1818 2066 .
1845 2057 1854 2066 .
1878 2056 1888 2066 .

614 2087 764 2134 Quanta
792 2095 916 2124 autern
950 2089 1134 2126 dementia
1165 2096 1223 2125 est
1256 2089 1387 2125 iisdem
1423 2089 1534 2125 modo
1561 2088 1745 2131 delectari,
1773 2088 1888 2123 modo

613 2145 757 2186 offendi,
770 2153 806 2181 et
821 2157 897 2181 rem
917 2145 963 2180 ab
979 2147 1099 2182 amico
1112 2147 1251 2182 dictam
1268 2146 1503 2181 maledictum
1515 2157 1658 2189 vocare,
1672 2142 1710 2194 [a
1723 2141 1886 2194 servulo]

609 2201 772 2247 joculare
790 2202 992 2238 convicium
1003 2206 1019 2237 'r’

427 2270 498 2307 Cap.
517 2278 557 2299 n.
664 2261 672 2277 ‘
686 2258 806 2306 Quem
826 2260 986 2294 animum
1006 2271 1072 2294 nos
1089 2260 1262 2295 adversos
1279 2271 1410 2306 pueros
1426 2259 1614 2301 habemus,
1631 2259 1727 2295 hunc
1740 2260 1888 2307 sapiens

614 2317 786 2352 adversus
803 2327 948 2359 ornnes,
968 2318 1101 2362 quibus
1121 2318 1234 2352 etiam
1253 2323 1336 2362 post
1352 2317 1543 2362 juventam
1565 2327 1749 2362 canosque
1767 2317 1888 2363 pueri-

613 2374 695 2410 litas
715 2380 781 2410 est.
832 2373 897 2409 An
917 2375 1112 2420 quicquam,
1134 2375 1196 2410 isti
1219 2374 1448 2421 profecerunt
1470 2375 1603 2420 quibus
1625 2375 1737 2409 animi
1765 2372 1889 2410 mala²

613 2438 698 2468 sunt
728 2431 899 2478 auctique
928 2432 962 2468 in
994 2432 1112 2478 majus
1145 2443 1296 2474 erroreS.
1325 2432 1387 2478 qui
1423 2443 1445 2468 a
1478 2433 1601 2478 pueris
1634 2431 1889 2478 magnitudine

613 2495 755 2525 tanturn
788 2489 977 2534 formaque
1006 2501 1201 2534 corporum
1234 2489 1419 2532 differunt,
1445 2495 1627 2524 caeterum
1663 2501 1734 2524 non
1767 2491 1889 2525 minus

613 2548 695 2593 vagi
726 2548 934 2593 incertique.
959 2547 1194 2593 voluptatum
1225 2549 1303 2582 sine
1327 2548 1472 2583 delectu
1501 2553 1727 2594 appetenteS,
1754 2548 1888 2593 trepidi

613 2611 650 2640 et
679 2615 752 2640 non
783 2604 928 2650 ingenio
952 2605 1017 2640 sed
1043 2604 1236 2640 formidine
1265 2605 1407 2651 quieti?
1456 2604 1543 2640 Non
1573 2604 1656 2639 ideo
1689 2604 1887 2651 quicquam

615 2663 708 2698 inter
726 2661 807 2697 illos
824 2673 1028 2708 puerosque
1052 2662 1225 2698 interesse
1245 2663 1327 2708 quis
1350 2662 1496 2702 dixerit,
1512 2662 1612 2709 quod
1635 2661 1705 2697 illis
1727 2662 1887 2698 talorum

615 2731 793 2754 nucumve
818 2725 855 2754 et
880 2720 973 2754 aeris
999 2719 1129 2754 minuti
1154 2720 1310 2755 avaritia
1334 2725 1401 2763 est,
1427 2720 1483 2755 his
1508 2720 1585 2754 ¹auri
1612 2719 1828 2765 argentique
1851 2725 1888 2755 et

613 2776 757 2812 urbium
778 2803 785 2811 .
808 2804 817 2812 .
836 2803 843 2812 .
864 2776 966 2822 Ergo
989 2788 1054 2822 par
1077 2778 1199 2822 pueris
1221 2777 1434 2823 longiusque
1452 2776 1650 2823 progressis
1672 2777 1737 2812 sed
1756 2776 1792 2812 in
1815 2776 1888 2813 alia

615 2834 826 2880 majoraque
841 2845 940 2868 error
952 2840 1018 2870 est.
1062 2834 1148 2869 Non
1163 2835 1347 2871 immerito
1360 2835 1485 2880 itaque
1497 2834 1629 2870 horum
1647 2835 1889 2871 contumelias

645 2924 655 2940 ¹
675 2932 728 2958 pro
739 2924 854 2956 virtute.
867 2923 952 2953 ESS-

647 2967 659 2984 ¹
676 2967 746 2995 This
761 2976 883 3003 passage
897 2968 921 2995 is
935 2967 1074 3002 regni-ded
1086 2976 1119 2995 u
1132 2977 1150 2994 a
1162 2967 1240 2995 locus
1252 2972 1396 3003 comptus*
1407 2967 1445 3003 by
1458 2972 1532 2995 most
1545 2967 1652 2995 editors
1665 2967 1697 2995 os
1707 2967 1834 2996 Seneca.
