2350 3580
609 698 676 742 382
846 700 1019 734 OPERIS
1044 699 1253 739 MAIORJS
1279 698 1405 734 PARS
1431 698 1653 734 SEPTIMA.

613 795 756 836 ponunt
799 790 1095 827 resurrectionem
1145 795 1383 826 mortuorum.
1444 790 1556 826 Unde
1597 788 1769 826 Saraceni
1814 789 1887 826 hoc

614 852 766 893 ponunt.
819 847 892 883 Sed
920 859 990 883 non
1012 848 1209 883 aestimant
1231 848 1299 884 nisi
1323 848 1472 884 delicias
1496 848 1704 895 corporales
1727 857 1825 882 nunc
1850 847 1886 881 in

614 905 685 940 hac
701 905 786 940 vita.
835 905 932 940 Nam
952 905 1143 941 Avicenna
1165 906 1254 942 dicit
1279 906 1314 941 in
1338 906 1538 942 Radicibus
1565 906 1758 941 Moralium
1783 904 1885 950 quod

615 961 871 998 Machametus
890 975 961 998 non
979 963 1083 998 dedit
1101 963 1168 999 nisi
1187 963 1341 1009 gloriam
1361 975 1563 1010 corporum,
1582 975 1655 999 non
1672 962 1887 1001 animarum,

614 1019 681 1054 nisi
716 1021 752 1055 in
786 1026 966 1067 quantum
1000 1021 1124 1057 anima
1154 1021 1430 1058 condelectatur
1466 1021 1621 1067 corpori.
1673 1020 1725 1055 Et
1755 1019 1886 1066 Judaei

615 1077 781 1113 similiter
799 1079 1099 1114 resurrectionem
1123 1085 1274 1124 ponunt,
1292 1086 1328 1114 et
1347 1079 1553 1114 Christiani.
1605 1079 1655 1114 Et
1672 1078 1701 1113 si
1719 1077 1827 1125 primi
1850 1082 1887 1112 et

617 1134 744 1179 ultimi,
759 1136 898 1172 scilieet
917 1137 1054 1182 Pagani
1072 1142 1110 1171 et
1129 1136 1339 1179 Christiani,
1354 1138 1390 1172 in
1410 1137 1478 1172 hoc
1494 1138 1727 1179 concordant,
1740 1146 1888 1171 necesse

617 1199 672 1229 est
706 1205 835 1229 omnes
869 1199 988 1230 sectas
1021 1194 1188 1234 medias;
1225 1200 1263 1230 et
1296 1194 1380 1230 ideo
1417 1194 1634 1230 Idololatras
1671 1193 1764 1230 sicut
1796 1192 1888 1229 alias

617 1257 764 1296 oportet
781 1251 883 1286 fateri
903 1251 981 1286 hoe.
1026 1251 1077 1287 Et
1093 1251 1301 1297 philosophi
1320 1251 1530 1288 notabiliter
1546 1251 1615 1286 hoc
1634 1252 1776 1291 docent.
1794 1251 1888 1286 sic-ut

618 1309 717 1353 prius
735 1314 923 1344 ostensum
940 1314 996 1343 est
1013 1309 1048 1343 in
1067 1309 1188 1354 prima
1204 1314 1308 1354 parte
1325 1309 1434 1354 hujus
1452 1309 1636 1345 Scientiae
1656 1309 1818 1344 Moralis.

427 1373 529 1414 future
668 1364 740 1401 Sed
768 1376 841 1401 non
868 1370 991 1411 potest
1017 1375 1097 1400 esse
1121 1366 1219 1411 quod
1248 1365 1360 1401 homo
1385 1366 1533 1412 placens
1561 1366 1641 1401 Deo
1665 1364 1702 1401 in
1723 1364 1791 1400 hac
1813 1365 1888 1400 vita

429 1409 505 1436 ''³¹¹⁵‘'
619 1429 702 1469 post
737 1423 1037 1458 resurrectionem
1070 1422 1205 1457 habeat
1239 1423 1354 1458 vitam
1391 1422 1537 1468 qualern
1574 1433 1667 1459 nuuc
1701 1421 1889 1464 habemus,

616 1481 703 1526 quia
732 1481 822 1516 haec
848 1486 903 1516 est
937 1480 1045 1526 plena
1074 1480 1248 1514 omnibus
1276 1480 1441 1523 miseriis,
1470 1491 1538 1515 nec
1565 1486 1622 1515 est
1649 1481 1698 1515 de
1723 1481 1889 1516 bonitate

618 1543 768 1573 naturae
786 1536 978 1573 humanae.
1030 1536 1080 1573 Et
1098 1537 1192 1577 ideo.
1210 1549 1292 1574 cum
1319 1537 1533 1573 resurrectio
1550 1536 1614 1573 fiet
1632 1543 1672 1573 ut
1696 1537 1889 1573 reducatur

617 1595 664 1630 ad
684 1600 821 1631 statum
839 1594 1134 1637 immortalitatis.
1152 1601 1299 1641 oportet
1316 1595 1416 1641 quod
1440 1595 1487 1631 ab
1505 1595 1561 1630 his
1585 1595 1737 1630 miseriis
1757 1594 1889 1630 libere-

619 1665 710 1688 mur.
750 1652 829 1687 Nec
847 1658 1113 1697 consequentur
1127 1652 1288 1698 aliquam
1310 1653 1487 1687 miseriam
1503 1653 1565 1697 qui
1582 1652 1663 1687 Deo
1681 1653 1889 1691 servierunt.

617 1711 704 1756 quia
719 1710 859 1756 justum
872 1716 928 1746 est
941 1715 981 1745 ut
991 1711 1195 1756 praemium
1210 1711 1260 1746 eis
1273 1712 1454 1751 reddatun
1467 1710 1665 1745 secundum
1681 1709 1887 1756 largitatem

619 1768 764 1804 divinae
790 1767 972 1803 bonitatis.
1026 1767 1075 1803 Et
1105 1767 1236 1803 iterum
1265 1767 1349 1803 boni
1379 1768 1516 1803 habent
1546 1767 1760 1813 plerumque
1787 1767 1891 1814 plura

621 1825 717 1860 mala
744 1825 803 1860 hic
828 1836 939 1870 quarn
972 1825 1070 1860 mali.
1123 1825 1223 1871 Ergo
1252 1825 1281 1860 si
1312 1825 1412 1860 Deus
1439 1831 1493 1860 est
1518 1825 1641 1870 justus
1664 1825 1792 1870 judex.
1818 1836 1889 1860 non

619 1883 746 1918 tribuit
765 1883 799 1917 in
819 1883 999 1928 praesenti
1017 1883 1092 1918 vita
1110 1883 1214 1918 bonis
1232 1894 1299 1918 sua
1314 1883 1485 1927 praemia,
1500 1894 1566 1918 nec
1585 1894 1649 1928 per
1665 1894 1891 1928 consequens

619 1940 655 1975 in
677 1940 748 1974 alia
776 1939 852 1974 vita
879 1946 983 1975 erunt
1017 1940 1149 1976 similia
1176 1940 1439 1990 praesentibus.
1492 1940 1594 1986 Ergo
1621 1946 1765 1986 oportet
1792 1940 1891 1986 quod

620 1998 817 2033 liberentur
835 1998 923 2043 justi
946 1998 994 2033 ab
1017 1998 1117 2032 omni
1141 1998 1286 2033 miseria
1299 2009 1308 2039 ;,
1332 2004 1370 2034 et
1392 2009 1476 2033 cum
1505 1998 1565 2033 ille
1589 2003 1706 2034 status
1732 2003 1787 2034 est
1814 2009 1894 2044 per-v

618 2056 741 2097 sectuS,
776 2060 920 2100 oportet
954 2056 1052 2100 quod
1089 2055 1152 2090 fiat
1185 2055 1303 2100 gloria
1336 2056 1496 2101 corporis
1530 2061 1566 2090 et
1601 2056 1756 2090 animae.
1816 2055 1889 2092 Sed

619 2113 966 2158 appetitusanimae
983 2113 1168 2148 rationalis
1194 2114 1416 2148 transcendit
1443 2124 1553 2148 omne
1574 2114 1709 2148 bonum
1736 2112 1891 2148 finitum.

623 2170 672 2205 Et
704 2170 786 2205 ideo
815 2169 892 2214 ejus
921 2170 1107 2216 appetitus
1134 2181 1208 2206 non
1243 2176 1364 2215 potest
1399 2170 1518 2206 claudi
1556 2170 1623 2206 nisi
1658 2181 1722 2216 per
1754 2170 1892 2206 bonum

624 2227 815 2269 infinitumr
837 2231 872 2261 et
902 2227 972 2262 hoc
999 2232 1054 2262 est
1085 2227 1210 2270 Deus;
1245 2233 1282 2262 et
1312 2228 1395 2262 ideo
1423 2227 1538 2273 gloria
1567 2227 1727 2262 humana
1758 2229 1827 2262 erit
1856 2229 1891 2262 in

624 2285 901 2330 participatione
912 2285 1088 2320 bonitatis
1100 2286 1259 2320 Deitatis
1272 2300 1279 2327 ;
1299 2291 1333 2320 et
1347 2297 1395 2320 ex
1407 2282 1476 2320 hoc
1487 2287 1649 2331 sequitur
1663 2285 1891 2321 corollarium

623 2342 875 2389 philosophiae
903 2342 1182 2384 nobilissimum,
1201 2342 1293 2378 libro
1316 2342 1622 2378 consolationum
1649 2342 1779 2378 tertio¹
1806 2354 1894 2378 con·

624 2400 774 2441 clusum„
792 2400 890 2444 quod
910 2400 1192 2447 participatione
1214 2400 1374 2436 Deitatis
1399 2399 1484 2436 fient
1510 2400 1674 2436 homines
1702 2400 1781 2443 Dei,
1809 2401 1894 2436 licet

622 2469 715 2492 unus
732 2457 836 2492 Deus
852 2458 899 2492 sit
917 2462 1054 2492 natura.

438 2526 538 2552 Fuiuxe
672 2514 846 2551 Similiter
868 2527 950 2550 cum
979 2515 1063 2550 mali
1088 2514 1148 2550 hic
1168 2513 1360 2550 offendunt
1379 2515 1552 2550 Divinam
1578 2515 1780 2551 bonitatem
1798 2527 1895 2560 quae

436 2562 542 2595 miserr-
624 2571 764 2606 infinita
786 2578 851 2612 est,
870 2578 908 2606 et
923 2573 1061 2606 cadunt
1085 2573 1121 2606 in
1141 2572 1276 2609 crimen
1300 2572 1419 2607 laesae
1436 2572 1649 2617 majestatis,
1667 2583 1816 2606 necesse
1836 2579 1894 2606 est.

623 2631 721 2676 quod
767 2640 886 2675 poena
928 2641 1052 2664 eorum
1088 2631 1137 2665 sit
1171 2628 1367 2664 ineffabilis
1387 2631 1434 2664 -in
1470 2630 1541 2664 alia
1574 2630 1648 2664 vita
1683 2635 1719 2664 et
1755 2629 1896 2664 infinita

661 2705 666 2719 ¹
688 2704 792 2731 consor.
809 2704 1008 2740 Philosophiae,
1021 2705 1068 2732 lib.
1082 2704 1119 2732 iii.
1134 2704 1223 2732 Prosa
1234 2714 1270 2732 x:
1292 2708 1299 2720 ‘
1310 2704 1450 2738 Quoniam
1465 2704 1647 2731 beatitudinis
1661 2704 1812 2737 adeptione
1825 2703 1898 2731 fiunt

625 2751 755 2777 homines
766 2750 852 2782 beati,
866 2750 1012 2776 beatitudo
1023 2758 1092 2777 vero
1105 2754 1149 2777 est
1163 2751 1225 2784 ipsa
1240 2751 1379 2783 divinitas,
1390 2750 1543 2776 divi-:imis
1556 2750 1708 2784 adeptione
1721 2750 1823 2777 beatos
1836 2750 1898 2776 fieri

624 2794 806 2821 manifestum
819 2798 872 2821 est.
912 2794 970 2821 Sed
986 2794 1023 2821 uti
1034 2794 1161 2827 justitiae
1173 2794 1330 2829 adeptione
1341 2793 1419 2826 justi.
1435 2794 1594 2826 supientiae
1603 2794 1749 2826 sapientes
1764 2793 1844 2825 fiunt,
1859 2794 1898 2820 ita

624 2838 799 2864 divinitatem
819 2837 914 2872 adepti
930 2837 1010 2863 Deos
1023 2837 1085 2864 fieri
1100 2837 1185 2864 simili
1208 2837 1316 2863 ratione
1337 2844 1457 2863 necesse
1472 2841 1523 2863 est.
1563 2836 1663 2862 Omnis
1683 2836 1768 2871 igitur
1786 2836 1896 2868 beatus,

625 2881 721 2914 neum
739 2881 791 2906 sed
812 2884 912 2907 natura
932 2881 1044 2915 quidem
1065 2888 1145 2914 unus,
1169 2880 1385 2915 participatione
1404 2887 1473 2906 vero
1493 2879 1561 2905 nihil
1581 2879 1711 2914 prohibet
1732 2887 1795 2906 esee
1815 2887 1898 2914 quarn

624 2924 768 2959 plurimos.
