2350 3580
844 689 972 724 PARS
998 689 1152 724 PRJMA
1165 701 1180 721 .·
1221 688 1320 723 cap.
1355 689 1411 722 m,
1700 697 1770 733 453

490 769 646 808 maneria
686 781 751 807 eeu
789 771 947 807 essentia
988 771 1132 817 generis
1173 769 1335 817 proximi
1380 769 1587 807 communis
1626 768 1769 806 duabus

488 827 681 873 speciebus
702 827 979 875 quibuscunque
999 828 1106 864 datia.
1157 827 1396 875 Quapropter
1419 827 1583 873 sequitur
1607 826 1709 872 quod
1732 826 1768 862 in

489 884 562 921 illis
580 890 620 921 et
641 885 686 932 in-
701 886 875 922 omnibus
896 886 1090 932 agentibus
1114 889 1170 921 est
1191 885 1364 931 aptitudo
1385 888 1427 920 ut
1447 883 1658 930 compleant
1682 895 1768 920 suos

489 941 655 988 effectus,
686 949 867 990 quantum
900 949 957 979 est
988 955 1011 979 a
1032 947 1139 990 parte
1170 942 1360 990 agentium
1392 947 1432 978 et
1465 941 1697 988 patientium,
1730 945 1768 978 et

488 1000 667 1037 materiae
684 1001 888 1038 communia
901 1000 962 1037 eis.

506 1092 515 1100 ,
540 1057 616 1093 Sed
633 1064 759 1094 tamen
777 1058 863 1094 licet
888 1059 934 1094 sit
954 1059 1128 1105 aptitudo
1150 1059 1261 1102 dicta,
1279 1069 1352 1094 non
1376 1063 1502 1094 tamen
1523 1062 1578 1094 est
1603 1061 1768 1104 potestas
1783 1063 1886 1092 Sueba

489 1126 559 1151 nec
586 1115 810 1162 possibilitas
839 1116 886 1152 ad
919 1115 989 1153 hos
1012 1117 1164 1152 effectus
1190 1116 1431 1162 complendos
1456 1120 1607 1162 propter
1631 1113 1768 1150 multas
1782 1100 1876 1164 m
1890 1137 1943 1164 sub

490 1173 663 1209 rationes.
711 1173 800 1210 Non
832 1173 930 1210 enim
964 1185 1077 1210 omne
1102 1174 1203 1220 quod
1230 1173 1344 1210 habet
1370 1173 1625 1220 aptitudinem,
1654 1171 1936 1237 habetffithffu‘

489 1229 795 1275 poesibilitatem3
821 1238 863 1268 ut
889 1242 1017 1268 caecus
1041 1237 1151 1277 aptus
1175 1237 1284 1268 natus
1309 1236 1366 1268 eet
1391 1231 1438 1268 ad
1462 1230 1674 1273 videndum,
1692 1241 1766 1266 non
1783 1218 1922 1278 „5223
1937 1219 1947 1237 ⁸

488 1294 615 1324 tamen
630 1294 752 1334 potest
768 1289 901 1333 videre,
914 1300 982 1324 nec
999 1289 1201 1335 potentiam
1215 1288 1363 1324 videndi
1380 1288 1492 1324 habet
1510 1299 1574 1334 per
1586 1293 1765 1323 naturam.
1780 1281 1947 1353 ¹32⁰&

490 1344 536 1380 In
551 1346 741 1392 proposito
757 1356 843 1382 vero
857 1351 911 1382 est
926 1346 1005 1383 sola
1014 1347 1196 1392 aptitudo,
1210 1351 1248 1382 et
1261 1351 1384 1382 tamen
1400 1351 1488 1382 ante
1497 1345 1742 1392 privationem
1756 1355 1766 1387 ;
1782 1353 1875 1382 would

489 1403 588 1440 uude
609 1413 685 1439 non
709 1409 765 1440 est
783 1403 910 1440 ablata
932 1403 1099 1450 potentia
1119 1414 1185 1450 per
1209 1403 1458 1440 inductionem
1483 1402 1708 1450 privationis,
1726 1406 1767 1437 ut
1780 1390 1943 1462 minag

488 1461 528 1495 in
553 1471 675 1504 caeco,
698 1461 762 1497 sed
788 1461 999 1497 excluditur
1023 1462 1204 1508 potentia,
1228 1466 1266 1499 et
1294 1461 1461 1497 similiter
1488 1466 1592 1496 actus
1616 1463 1767 1506 propter
1782 1462 1925 1504 intotueir

488 1518 639 1554 videndi
671 1519 937 1555 necessitatem.
1000 1519 1094 1555 Cum
1130 1521 1229 1555 enim
1262 1530 1336 1556 non
1365 1520 1414 1555 sit
1442 1519 1547 1565 quasi
1576 1516 1767 1565 proportio
1780 1498 1926 1564 mm*

488 1575 633 1611 virtutis
655 1576 795 1612 activae
819 1576 857 1612 in
879 1587 1032 1623 corpore
1058 1583 1224 1623 respectu
1250 1576 1477 1613 substantiae
1498 1574 1709 1622 spiritualis,
1728 1580 1767 1611 et

487 1633 659 1669 similiter
675 1633 711 1668 in
726 1644 880 1681 corpore
898 1645 971 1669 non
988 1633 1137 1670 coelesti
1154 1641 1324 1681 respectu
1343 1634 1571 1669 substantiae
1587 1632 1767 1676 coelestis,

487 1690 518 1725 si
552 1691 823 1737 complerentur
854 1692 995 1737 species
1027 1692 1319 1727 substantiarum
1355 1691 1609 1738 spiritualium,
1643 1690 1767 1726 omnia

489 1747 616 1784 fierent
643 1747 856 1795 spiritualia.
882 1754 920 1784 et
949 1749 980 1785 si
1010 1748 1284 1795 complerentur
1309 1749 1450 1795 species
1478 1747 1768 1784 substantiarum

487 1805 703 1843 coelestium,
720 1807 933 1844 tollerentur
957 1818 1085 1844 omnes
1111 1813 1266 1843 naturae
1290 1807 1498 1854 corporales
1515 1806 1711 1845 inferiores.
1729 1810 1767 1840 et

488 1863 618 1899 fierent
633 1865 755 1900 solum
771 1865 1000 1900 substantiae
1017 1863 1195 1900 coelestes
1210 1876 1217 1906 ς
1244 1870 1281 1900 et
1302 1865 1387 1900 ideo
1412 1865 1657 1900 destrueretur
1674 1863 1766 1898 ordo

488 1922 646 1957 universi
668 1927 706 1957 et
724 1923 861 1957 mundi.
911 1923 1065 1968 Propter
1090 1923 1192 1968 quod
1216 1921 1302 1957 licet
1326 1933 1376 1958 ex
1401 1920 1484 1966 lege
1508 1925 1661 1956 naturae
1684 1931 1768 1966 par·

487 1977 649 2015 ticularis
666 1979 837 2026 aptitudo
852 1979 902 2015 sit
918 1990 940 2014 a
963 1986 1067 2027 parte
1089 1979 1316 2016 substantiae
1336 1978 1534 2026 spiritualis
1557 1978 1713 2018 activae,
1729 1982 1767 2013 et

487 2047 510 2071 a
526 2042 633 2082 parte
648 2037 876 2072 substantiae
896 2037 1061 2072 coelestis
1082 2037 1236 2078 activae,
1253 2043 1291 2072 et
1308 2049 1330 2074 a
1346 2042 1451 2082 parte
1469 2036 1643 2072 materiae
1663 2046 1765 2070 com·

488 2094 609 2129 munis
623 2093 850 2129 substantiae
867 2094 1047 2140 spirituali
1064 2099 1102 2130 et
1117 2094 1311 2140 corporali,
1323 2100 1362 2130 et
1376 2094 1544 2130 similiter
1560 2092 1765 2129 communis

486 2150 716 2188 substantiae
739 2151 890 2187 coelesti
914 2157 952 2187 et
978 2162 1050 2188 non
1077 2151 1241 2193 coelesti,
1260 2158 1301 2187 ut
1323 2151 1453 2188 fierent
1475 2150 1764 2187 substantiarum

485 2208 730 2254 spiritualium
746 2215 786 2245 et
803 2208 1014 2246 coelestium
1033 2209 1188 2245 effectus
1205 2209 1392 2256 completi,
1409 2214 1534 2245 tamen
1551 2219 1601 2243 ex
1617 2207 1765 2245 ordina·

487 2266 588 2302 tione
619 2267 752 2307 divina,
782 2272 820 2302 et
854 2278 903 2302 ex
937 2266 1018 2312 lege
1051 2273 1205 2302 naturae
1239 2265 1462 2311 universalia,
1492 2267 1538 2301 de
1571 2277 1644 2311 qua
1677 2264 1764 2300 facit

487 2322 679 2360 Avicenna
689 2323 914 2360 mentionem
927 2330 1036 2360 sexto
1049 2323 1340 2370 Metaphysicae,
1351 2323 1578 2359 abscinditur
1591 2322 1764 2369 potentia,

486 2388 524 2418 et
540 2380 748 2417 excluditur
762 2386 887 2422 actum
922 2381 973 2417 ita
999 2382 1099 2427 quod
1124 2392 1199 2417 non
1225 2388 1381 2428 possunt
1404 2380 1633 2417 substantiae
1657 2380 1764 2425 spiri-

486 2438 602 2474 tuales
636 2449 704 2473 nec
735 2438 962 2474 substantiae
991 2438 1168 2474 coelestes
1200 2439 1319 2474 facere
1349 2439 1414 2473 nisi
1448 2449 1534 2474 suas
1561 2437 1701 2483 species
1726 2442 1764 2472 et

486 2494 587 2531 nullo
605 2495 716 2531 modo
731 2495 918 2542 complere
934 2494 1088 2531 effectus
1105 2495 1159 2531 eis
1172 2495 1310 2531 similes
1324 2496 1472 2531 nomine
1485 2501 1522 2531 et
1536 2493 1765 2536 definitione3

485 2553 573 2599 quia
587 2558 677 2590 tunc
695 2552 822 2589 fierent
839 2553 961 2590 omnia
974 2553 1176 2600 spiritualia
1192 2559 1231 2590 et
1243 2553 1425 2595 coelestia,
1436 2559 1475 2590 et
1492 2554 1765 2592 denti-ueremur

485 2621 544 2646 res
559 2610 699 2646 multae
720 2621 818 2655 quae
841 2616 926 2646 sunt
950 2611 998 2646 de
1022 2611 1297 2656 complemento
1323 2610 1489 2646 universi.
1537 2610 1626 2646 Non
1643 2609 1764 2644 solum

484 2669 686 2704 secundum
707 2673 846 2703 statum
865 2669 1066 2714 praesentis
1090 2679 1225 2711 cursus,
1243 2669 1308 2704 sed
1332 2669 1547 2715 simpliciter
1571 2669 1641 2703 hoc
1666 2668 1764 2711 dico,

484 2725 574 2773 quia
587 2724 746 2763 finaliter
763 2725 878 2760 multa
899 2724 1109 2761 auferentur
1130 2725 1283 2764 omnino
1305 2737 1327 2762 a
1350 2736 1503 2762 numero
1525 2736 1645 2761 rerum
1667 2736 1763 2772 quae

484 2789 608 2820 tamen
642 2793 739 2818 nunc
775 2788 859 2818 sunt
892 2783 1093 2818 necessaria
1129 2783 1163 2817 in
1201 2783 1341 2820 mundo
1374 2790 1525 2830 propter
1560 2784 1760 2829 hominem,

486 2845 635 2886 propter
658 2851 767 2885 quem
791 2839 888 2875 facta
907 2846 994 2876 sunt
1019 2846 1170 2876 caetera.
1202 2841 1274 2876 ·Et
1300 2845 1425 2876 tamen
1451 2840 1688 2876 nihilominus
1711 2852 1760 2877 ex

484 2904 614 2934 natura
647 2896 857 2944 particulari
892 2896 1003 2944 ipsius
1037 2899 1265 2934 substantiae
1293 2899 1492 2944 spiritualis
1521 2904 1557 2934 et
1586 2898 1676 2934 coeli
1705 2904 1760 2934 est
