2350 3580
574 728 638 762 124
834 718 1007 752 OPERIS
1032 717 1241 758 MAJoRls
1267 717 1394 751 PARS
1422 717 1573 759 QUIN?
1568 717 1610 751 A.

573 821 595 845 a
613 820 695 846 vera
711 808 1037 856 comprehensione
1052 807 1216 845 visibilis.
1266 808 1370 855 Ergo
1391 808 1513 855 posita
1533 807 1716 844 densitate
1735 807 1849 843 medii

574 865 838 912 proportionali
861 867 1059 902 distantiae
1081 866 1273 902 stellarum
1295 866 1574 902 scintiiiantiurn
1596 865 1849 901 scintillarem.

575 923 686 970 Quod
711 936 787 960 non
810 924 970 960 creditur
994 936 1076 960 esse
1099 935 1239 960 verum.
1288 923 1340 960 Et
1363 922 1547 960 Averroes
1579 923 1776 969 respondet
1799 921 1848 958 ad

573 981 644 1017 hoc
662 982 699 1018 in
715 981 880 1018 secundo
899 981 1001 1018 Coeli
1019 987 1058 1018 et
1077 981 1230 1018 Mundi:
1255 992 1342 1018 nam
1360 981 1454 1018 bene
1465 981 1558 1023 vult,
1570 981 1669 1027 quod
1687 980 1851 1015 densitas

575 1039 686 1075 medii
711 1039 823 1075 faciat
846 1039 894 1075 ad
919 1039 1216 1075 scintillationem
1244 1044 1281 1074 et
1308 1044 1516 1081 tremorem,
1541 1039 1665 1073 dicens
1688 1038 1789 1084 quod
1818 1037 1849 1072 si

575 1096 628 1132 sol
659 1097 783 1132 tremit
808 1097 931 1132 sollum
961 1097 996 1132 in
1026 1093 1157 1132 oecasu
1188 1102 1225 1132 et
1253 1103 1348 1138 ortu,
1372 1101 1428 1132 est
1454 1101 1603 1143 propter
1627 1096 1850 1131 densitatem

576 1153 697 1190 medii.
747 1153 789 1190 Si
810 1159 934 1190 autem
959 1154 1105 1201 ubique,
1121 1160 1210 1190 tunc
1230 1160 1285 1190 est
1310 1159 1461 1201 propter
1483 1153 1734 1189 fortitudinem
1759 1152 1852 1188 lucis

576 1211 695 1259 magis
710 1223 823 1258 quam
842 1212 879 1247 in
897 1211 973 1248 aliis
991 1212 1158 1259 planetis.
1209 1212 1300 1249 Vult
1321 1222 1408 1258 ergo
1432 1212 1532 1258 quod
1554 1211 1716 1247 densitas
1738 1210 1850 1246 medii

575 1274 748 1315 operetur
762 1270 810 1305 ad
828 1274 1034 1305 tremorem.
1084 1270 1137 1305 Et
1154 1270 1239 1305 ideo
1257 1270 1340 1306 licet
1351 1270 1483 1316 vulgus
1501 1269 1571 1304 hoc
1589 1274 1709 1314 neget,
1725 1274 1851 1304 tamen

575 1327 647 1363 hoc
664 1339 738 1362 non
761 1333 815 1363 est
838 1328 1101 1373 improbabile:
1132 1333 1170 1363 et
1189 1328 1272 1364 ideo
1296 1328 1425 1363 stellae
1447 1328 1566 1372 magis
1589 1325 1792 1362 scintillant.
1814 1326 1851 1361 in

577 1390 658 1420 ortu
677 1390 715 1420 et
730 1395 871 1428 occasu,
888 1395 962 1421 non
979 1385 1099 1421 solum
1117 1396 1165 1421 ex
1188 1396 1298 1422 musa
1314 1385 1478 1432 superius
1496 1385 1603 1425 dicta,
1620 1385 1684 1420 sed
1703 1389 1853 1430 propter

577 1442 851 1488 spissitudinem
867 1443 977 1477 medii
988 1443 1168 1490 vaporosi,
1179 1443 1268 1489 quia
1284 1442 1485 1479 multitudo
1496 1452 1674 1488 vaporum
1687 1441 1853 1477 abundat

579 1501 615 1535 in
644 1501 766 1536 medio
790 1500 883 1536 circa
910 1500 990 1536 illas
1017 1501 1132 1543 horas,
1158 1511 1203 1536 eo
1232 1501 1332 1546 quod
1356 1501 1412 1535 sol
1439 1499 1556 1536 elevat
1578 1505 1667 1535 tunc
1687 1509 1854 1545 vapores,

578 1563 617 1594 et
634 1568 707 1593 non
725 1557 908 1594 consumit
923 1558 1019 1594 sicut
1037 1557 1072 1593 in
1090 1558 1263 1598 meridie;
1292 1563 1443 1605 propter
1459 1557 1530 1592 hoc
1547 1557 1647 1603 quod
1667 1556 1756 1592 radii
1774 1555 1854 1602 ejus

578 1621 664 1651 sunt
689 1614 828 1651 debiles
859 1615 895 1651 in
923 1621 1006 1651 ortu
1033 1621 1072 1651 et
1097 1626 1239 1658 occasu,
1266 1626 1312 1650 eo
1335 1615 1436 1662 quod
1463 1616 1600 1651 cadunt
1627 1614 1675 1650 ad
1698 1613 1855 1658 angulos

579 1671 748 1717 obliquos
766 1683 875 1718 super
892 1673 1133 1716 horizontem,
1151 1678 1192 1708 ut
1212 1674 1245 1708 in
1265 1673 1447 1718 prioribus
1463 1673 1632 1708 habitum
1652 1677 1717 1708 est.

401 1743 502 1771 »ioum
628 1729 740 1776 Quod
767 1730 797 1765 si
823 1730 1023 1776 spissitudo
1052 1731 1163 1766 medii
1192 1742 1265 1766 non
1292 1730 1426 1766 faceret
1461 1729 1541 1774 hoc,
1571 1734 1694 1775 potest
1727 1734 1853 1764 tamen

402 1780 522 1844 'tigit-u.
582 1793 704 1823 motus
732 1787 841 1823 medii
871 1787 944 1824 hoc
972 1789 1123 1834 operari.
1150 1789 1244 1824 sicut
1271 1788 1408 1824 ibidem
1434 1787 1545 1823 docet
1559 1787 1638 1823 ‘hoc
1661 1786 1854 1821 Averroes.

580 1845 679 1880 Nam
699 1845 857 1880 medium
880 1852 937 1880 est
963 1845 1001 1880 in
1023 1846 1201 1880 continuo
1225 1851 1336 1888 motu,
1354 1851 1391 1880 et
1416 1845 1498 1880 ideo
1523 1845 1663 1890 species
1687 1844 1738 1878 rei
1763 1844 1854 1878 dum

579 1903 677 1938 cadit
701 1903 738 1938 in
761 1913 870 1937 unam
892 1908 1044 1948 partem,
1063 1909 1230 1938 remanet
1254 1903 1290 1938 in
1314 1914 1359 1937 ea
1385 1907 1486 1938 mota
1512 1914 1532 1936 a
1558 1901 1641 1936 loco
1665 1913 1747 1944 suo,
1765 1900 1855 1936 dum

579 1958 719 2005 reliqua
737 1971 821 2005 pars
839 1959 1010 1996 succedat
1030 1959 1068 1995 in
1090 1959 1212 1996 locum
1236 1960 1374 2006 primae
1399 1959 1521 2005 partis,
1538 1965 1575 1994 et
1596 1959 1681 1994 ideo
1701 1964 1856 2004 utraque

579 2016 692 2051 habet
726 2017 886 2061 speciem
920 2017 1111 2061 visibilem,
1144 2023 1183 2052 et
1216 2016 1354 2052 faciunt
1386 2017 1589 2052 necessario
1615 2016 1685 2051 sibi
1718 2016 1856 2050 simila

581 2075 719 2120 speeies
738 2074 772 2108 in
790 2074 897 2109 oculo
913 2074 1058 2118 eodem,
1074 2079 1111 2110 et
1131 2075 1165 2109 in
1185 2075 1339 2110 diversis
1356 2074 1435 2118 ejus
1453 2074 1629 2120 partibus,
1643 2079 1680 2109 et
1694 2074 1729 2108 in
1744 2084 1857 2108 nervo

581 2132 788 2167 communi:
815 2132 908 2167 sicut
932 2131 1029 2167 idem
1054 2131 1239 2168 Averrnes
1263 2132 1372 2167 docet
1394 2142 1461 2178 per
1476 2131 1691 2176 exemplum
1709 2130 1746 2166 in
1764 2130 1858 2166 libro

581 2189 629 2225 de
657 2189 772 2225 Sensu
802 2196 840 2226 et
869 2189 1027 2225 Sensato
1055 2191 1103 2225 de
1132 2190 1254 2235 specie
1283 2190 1370 2225 solis
1401 2190 1556 2226 cadente
1583 2200 1694 2235 super
1720 2199 1857 2233 aquam

584 2252 735 2282 motam.
785 2247 870 2281 Non
896 2248 991 2282 enim
1015 2248 1139 2282 statim
1165 2247 1405 2282 absconditur
1421 2248 1561 2293 species
1578 2259 1598 2282 a
1616 2252 1720 2292 parte
1745 2252 1857 2287 mota,

583 2305 646 2340 sed
679 2311 801 2339 manet
830 2305 863 2339 in
895 2316 939 2340 ea
968 2306 1014 2340 ad
1045 2311 1194 2351 tempus
1224 2306 1341 2340 donec
1375 2305 1514 2350 reliqua
1547 2316 1632 2351 pars
1663 2306 1787 2340 veniat
1820 2305 1857 2339 in

515 2398 519 2404 ,
581 2362 701 2398 locum
724 2373 843 2404 suum,
859 2368 897 2397 et
923 2368 1010 2398 tunc
1034 2368 1188 2408 utraque
1207 2361 1292 2398 facit
1312 2362 1472 2409 speciem
1492 2363 1527 2397 in
1551 2368 1674 2409 partes
1692 2362 1857 2407 ejusdem

584 2420 675 2455 oculi
704 2426 740 2455 et
766 2420 863 2455 nervi
886 2420 1008 2464 optici,
1027 2426 1063 2455 et
1086 2421 1139 2456 sic
1154 2420 1301 2455 videtur
1316 2420 1447 2455 eadem
1470 2431 1525 2455 res
1549 2420 1684 2455 habere
1707 2420 1858 2454 diversi-

581 2483 695 2513 tatem
719 2479 810 2513 situs
836 2478 1019 2522 continue,
1044 2483 1081 2513 et
1107 2478 1192 2513 ideo
1221 2483 1385 2514 tremere.
1439 2478 1487 2513 Et
1518 2478 1614 2513 hanc
1638 2478 1858 2513 sententiam

581 2535 762 2581 approbat
772 2533 784 2554 1
799 2535 1030 2571 Ptolemaeus
1041 2535 1077 2571 in
1088 2537 1252 2571 secundo
1268 2535 1483 2581 Opticorum
1496 2547 1635 2582 ponens
1645 2534 1858 2580 exemplum

583 2593 652 2629 hoc
671 2594 718 2629 de
735 2603 830 2639 aqua
850 2598 961 2634 mota,
979 2599 1015 2629 et
1032 2594 1079 2629 de
1099 2594 1223 2629 medio
1243 2600 1353 2629 moto.

414 2662 535 2690 ntermit—
633 2649 754 2685 Affert
781 2656 817 2685 et
844 2651 1028 2685 Averroes
1052 2651 1201 2686 tertiam
1232 2662 1392 2693 causam,
1421 2656 1570 2698 propter
1594 2651 1858 2686 abscissionem

409 2699 556 2725 ⁶⁰²⁷¹⁸¹⁰¹²
582 2709 699 2743 visus:
726 2719 866 2754 ponens
888 2709 1099 2754 exempium
1124 2710 1171 2743 de
1199 2709 1345 2743 homine
1365 2709 1425 2753 qui
1450 2709 1578 2753 aspicit
1603 2720 1678 2743 rem
1697 2706 1858 2753 aliquam

408 2743 466 2762 ΙὌΙΉ
478 2743 522 2762 ex·

409 2771 526 2812 qui-tion
539 2771 570 2798 of
584 2765 619 2800 in
646 2776 721 2801 uno
747 2765 838 2807 loco,
867 2772 905 2801 et
936 2766 966 2800 si
997 2765 1143 2801 oculum
1176 2772 1323 2802 moveat
1356 2765 1474 2812 digito
1504 2776 1572 2800 suo
1603 2765 1858 2812 constringens

408 2806 498 2871 ‚2222
586 2830 670 2858 tunc
695 2823 832 2858 videbit
859 2835 934 2858 rem
963 2824 997 2858 in
1026 2823 1097 2858 alio
1123 2824 1205 2859 loco
1231 2830 1379 2871 propter
1407 2824 1607 2859 motionem
1638 2823 1744 2866 ocuii,
1772 2823 1859 2868 quia

586 2892 657 2916 non
677 2881 799 2926 figitur
817 2882 957 2927 species
975 2882 1023 2917 rei
1048 2882 1081 2916 in
1105 2893 1176 2917 uno
1203 2882 1285 2916 loco
1308 2888 1416 2922 certo,
1436 2882 1501 2916 sed
1522 2882 1556 2916 in
1581 2881 1754 2927 pluribus.
1808 2881 1858 2915 Et

1019 2954 1028 2971 ¹
1049 2957 1119 2984 Ptol.
1137 2957 1241 2992 Opta-a,
1258 2965 1304 2992 pp.
1319 2965 1354 2991 ⁵⁴
1374 2965 1421 2991 55.
