2350 3580
444 2108 615 2144 Divergenee

444 2144 478 2172 os
486 2153 548 2180 rays
559 2143 588 2171 iu

443 2181 528 2218 plane

444 2218 563 2245 minora.

444 2253 478 2281 In
491 2252 597 2290 spheri-

444 2289 489 2317 eal
497 2296 618 2318 eoneave

614 519 683 564 486
904 519 948 552 M
947 518 1041 552 ULT
1034 518 1192 552 IPLICA
1198 518 1229 551 T
1223 518 1277 552 10
1302 517 1585 552 SPECIERUM.

618 612 670 646 ita
693 609 794 655 quod
819 620 892 645 non
917 609 965 645 ad
988 589 1111 645 aliam.
1163 608 1215 644 Et
1238 607 1323 644 ideo
1347 607 1378 643 si
1406 607 1534 644 oculus
1558 608 1610 643 sit
1640 608 1679 643 in
1709 606 1780 643 illa
1805 612 1908 655 parte

616 667 768 710 videbit,
786 666 824 707 si,
843 677 929 702 vero
956 666 992 702 in
1017 665 1100 710 alia,
1122 676 1196 702 non
1219 665 1380 708 videbit;
1404 666 1504 711 quod
1529 665 1668 701 dicitur
1697 665 1823 701 videri
1847 676 1909 712 per

619 724 865 761 reflexionem.
917 723 992 759 Sed
1017 723 1048 759 si
1077 723 1169 759 visio
1198 715 1441 769 compleretur
1468 735 1534 769 per
1560 722 1819 759 reflexionem
1847 735 1910 770 per

619 782 894 828 impressionem
918 781 1052 827 speciei
1078 781 1115 816 in
1138 787 1243 827 parte
1264 781 1508 817 determinata
1526 781 1669 827 speculi
1695 792 1780 816 non
1803 792 1910 827 opor·

619 845 713 875 teret
724 839 841 875 visum
852 850 932 874 esse
949 838 986 874 in
1001 838 1083 874 loco
1099 838 1354 881 determinato,
1366 849 1433 874 nec
1452 838 1488 873 in
1502 837 1662 874 termino
1680 838 1910 881 reflexionis

619 897 793 944 quoniam
823 897 1030 946 ubicunque
1060 901 1267 942 poneretur,
1296 896 1497 932 dummodo
1524 895 1671 932 videret
1701 897 1912 943 speculum,

619 955 762 990 videret
794 953 895 990 illam
928 953 1084 989 sormam
1121 953 1347 999 impressam,
1378 954 1473 989 sicut
1505 953 1693 989 maculam
1731 953 1775 989 in
1811 960 1912 1000 parte

621 1012 878 1055 determinata,
903 1017 968 1047 aut
1001 1011 1093 1047 sicut
1123 1011 1242 1057 ipsam
1270 1007 1410 1057 speculi
1435 1016 1603 1057 partem3
1633 1016 1675 1047 et
1702 1011 1798 1048 ideo
1823 1012 1912 1048 salsa

621 1075 677 1105 est
699 1069 762 1104 illa
782 1069 907 1115 opinio
926 1068 1038 1114 vulgi,
1056 1069 1118 1114 qui
1142 1068 1311 1104 aestimat
1332 1069 1467 1104 formas
1488 1079 1553 1104 seu
1575 1069 1728 1114 species
1751 1070 1912 1115 imprimi

622 1127 658 1162 in
683 1125 834 1173 speculo
859 1125 907 1161 ad
933 1125 1015 1169 hoc,
1042 1132 1083 1162 ut
1108 1126 1205 1162 visus
1234 1125 1460 1172 compleatur
1482 1137 1548 1173 per
1570 1125 1824 1163 reflexionem
1849 1138 1912 1174 per

622 1184 723 1220 illam
742 1183 912 1219 sormam.

673 1242 724 1277 Et
741 1252 814 1278 non
836 1242 956 1278 solum
972 1242 1025 1278 sic
1043 1242 1249 1278 ostenditur
1264 1253 1331 1289 per
1347 1242 1518 1277 effectum
1534 1240 1782 1288 aequalitatis
1797 1254 1912 1290 angu-

624 1299 742 1335 lorum
771 1299 990 1335 incidentiae
1019 1305 1057 1335 et
1086 1299 1306 1342 reflexionis,
1331 1300 1396 1335 sed
1425 1310 1490 1345 per
1517 1299 1633 1335 alium
1663 1298 1848 1336 effectum
1876 1301 1911 1336 in

623 1356 850 1394 coelestibus.
901 1356 1001 1403 Quia
1025 1358 1124 1393 enim
1152 1357 1237 1394 talis
1265 1356 1470 1403 aequalitas
1497 1362 1554 1392 est
1578 1358 1802 1402 necessaria,
1829 1358 1911 1394 ideo

624 1414 689 1451 lux
714 1414 865 1450 veniens
889 1427 912 1451 a
938 1415 1023 1451 luna
1048 1414 1257 1451 illuminans
1280 1420 1402 1451 totum
1426 1414 1741 1460 hemisphaerium
1769 1415 1910 1452 habita-

626 1471 735 1508 tionis
757 1471 983 1519 impossibile
1007 1472 1088 1508 est¹
1105 1473 1205 1518 quod
1231 1473 1279 1508 sit
1303 1473 1370 1508 lux
1395 1473 1484 1509 solis
1508 1472 1649 1508 reflexa
1666 1484 1691 1508 a
1714 1473 1912 1520 superficie

624 1529 742 1566 lunae.
792 1529 832 1566 Si
849 1529 945 1565 enim
962 1534 1059 1566 esset
1080 1529 1147 1566 lux
1163 1530 1252 1566 solis
1268 1530 1406 1566 reflexa
1422 1530 1489 1566 iret
1504 1530 1553 1566 ad
1571 1536 1719 1576 partem
1737 1531 1913 1567 determi-

626 1594 752 1623 natam
769 1587 967 1623 horizontis
983 1594 1135 1634 propter
1158 1587 1419 1635 aequalitatem
1441 1587 1662 1635 angulorum
1685 1589 1912 1626 incidentiae

627 1650 665 1681 et
691 1644 908 1681 reflexionis.
960 1645 1037 1681 Sed
1063 1657 1137 1681 non
1162 1651 1218 1681 est
1243 1647 1306 1687 ita,
1330 1657 1415 1682 cum
1439 1651 1561 1682 totum
1584 1646 1688 1691 quod
1713 1651 1776 1682 est
1801 1658 1913 1694 supra

627 1702 855 1738 horizontem
891 1702 1082 1739 illuminat.
1145 1702 1219 1740 Sed
1253 1703 1301 1739 de
1333 1703 1403 1740 hoc
1437 1702 1499 1739 fiet
1532 1714 1653 1739 sermo
1692 1703 1844 1750 plenior
1876 1705 1910 1739 in

627 1760 874 1806 sequentibus.

1087 1907 1335 1945 cimorum
1361 1908 1449 1944 VII.

992 2003 1148 2039 Habens
1171 2003 1265 2040 duas
1289 2004 1545 2040 conclusiones.

681 2098 731 2134 Et
748 2097 898 2134 ulterius
922 2098 1109 2134 sciendum
1135 2105 1191 2135 est
1208 2099 1308 2145 quod
1334 2099 1426 2135 radii
1451 2098 1573 2135 adhuc
1589 2099 1840 2136 diversimode
1861 2112 1915 2136 re-

631 2155 825 2192 flectuntur
846 2168 868 2191 a
888 2156 1044 2203 speculis
1061 2157 1223 2193 diversis.
1274 2157 1325 2192 Et
1348 2168 1420 2193 una
1442 2156 1616 2193 notabilis
1641 2157 1843 2194 diversitas
1860 2164 1915 2194 est

630 2213 710 2257 ista,
727 2213 862 2250 scilicet
879 2225 975 2260 quae
992 2214 1138 2260 ponitur
1154 2215 1192 2250 in
1215 2214 1309 2251 libro
1334 2215 1574 2261 speculorum
1592 2213 1916 2256 Comburentium‚

632 2277 670 2307 et
683 2277 738 2307 est
756 2272 856 2317 quod
876 2272 996 2308 radius
1012 2272 1075 2317 qui
1091 2274 1316 2308 convertitur
1333 2284 1355 2307 a
1372 2271 1521 2319 speculo
1538 2271 1648 2319 plano
1664 2272 1714 2307 ad
1732 2279 1915 2320 punctum

670 2366 679 2382 ¹
699 2366 757 2394 See
769 2365 825 2394 vol.
839 2366 856 2394 i.
871 2375 899 2401 p.
916 2375 977 2400 129,
989 2366 1089 2394 where
1107 2367 1158 2394 the
1177 2375 1254 2394 same
1267 2370 1421 2394 statement
1434 2366 1459 2394 is
1472 2366 1563 2394 made.
1601 2365 1659 2393 Yet
1671 2366 1721 2393 the
1738 2366 1915 2402 description

633 2410 718 2444 given
733 2410 800 2444 (vol.
816 2409 845 2437 ii.
860 2418 909 2445 pp.
924 2412 1060 2445 1090113)
1076 2418 1114 2437 on
1133 2410 1183 2437 the
1194 2410 1300 2445 phasea
1313 2409 1346 2437 of
1362 2410 1412 2438 the
1427 2418 1522 2444 moon,
1541 2409 1640 2437 shows
1658 2409 1722 2436 that
1739 2409 1843 2437 Baoon
1856 2419 1918 2439 was

633 2453 700 2481 well
712 2461 808 2481 aware
817 2453 850 2480 os
859 2454 909 2481 the
919 2454 1108 2488 dependence
1117 2454 1150 2481 os
1157 2454 1207 2481 the
1220 2454 1330 2481 moon's
1339 2454 1444 2488 phasea
1453 2461 1491 2481 on
1504 2453 1579 2480 solat
1588 2452 1668 2487 light.
1695 2452 1745 2480 He
1754 2454 1818 2481 also
1827 2454 1918 2482 knew

633 2496 775 2532 perseetly
786 2496 852 2523 well
864 2497 925 2524 that
938 2497 1075 2525 reflexion
1087 2496 1166 2525 osan
1179 2496 1272 2530 image
1289 2497 1440 2531 depended
1453 2505 1492 2523 on
1502 2496 1684 2523 smoothness
1695 2495 1729 2522 os
1738 2496 1788 2523 the
1800 2497 1917 2531 min-or,

634 2541 684 2568 the
696 2540 768 2574 llght
784 2540 884 2575 falling
895 2549 933 2567 on
948 2550 965 2568 a
985 2541 1079 2575 rough
1097 2540 1210 2568 sursace
1227 2540 1323 2575 being,
1336 2549 1369 2568 as
1388 2540 1538 2568 described
1552 2548 1590 2566 on
1603 2547 1630 2573 p.
1649 2547 1711 2574 ¹30,
1723 2540 1839 2567 broken
1859 2541 1916 2568 and

634 2584 768 2612 diffused.
799 2584 857 2611 But
869 2584 892 2611 it
902 2592 974 2617 was,
988 2584 999 2611 1
1019 2584 1154 2619 imagine,
1167 2584 1329 2618 impossible
1348 2583 1392 2611 sor
1407 2584 1467 2611 him
1484 2587 1515 2611 to
1534 2583 1669 2610 conceive
1682 2583 1732 2610 the
1751 2583 1868 2612 aur-sace
1887 2584 1922 2612 of

634 2627 686 2655 the
704 2636 789 2654 moon
808 2636 842 2654 or
859 2627 893 2654 os
906 2636 965 2662 any
976 2627 1102 2656 celestia}
1121 2628 1198 2662 body
1215 2635 1248 2654 as
1266 2627 1351 2654 other
1369 2627 1436 2654 than
1457 2626 1597 2662 polished.
1635 2626 1860 2662 Consequently
1879 2637 1918 2657 no

635 2672 722 2698 other
733 2670 859 2698 solution
872 2679 934 2698 was
947 2670 998 2698 lest
1016 2674 1047 2698 to
1059 2671 1118 2698 him
1137 2671 1205 2698 than
1219 2671 1269 2697 the
1288 2678 1345 2697 one
1363 2675 1413 2705 put
1431 2670 1554 2697 soi-ward
1571 2678 1609 2697 on
1622 2670 1681 2697 vol.
1694 2669 1712 2697 i.
1723 2678 1752 2705 p.
1769 2678 1842 2704 129:
1862 2672 1915 2699 viz.

636 2714 698 2742 that
710 2714 761 2742 the
774 2722 870 2748 moon,
878 2714 934 2742 and
948 2715 997 2742 the
1009 2715 1093 2742 other
1104 2719 1187 2748 stara,
1200 2714 1256 2741 had
1270 2713 1366 2742 innate
1379 2723 1414 2741 or
1425 2714 1516 2741 latent
1524 2713 1597 2750 light
1609 2712 1643 2742 os
1650 2713 1727 2741 their
1737 2721 1808 2741 own
1818 2715 1917 2743 which

635 2765 698 2786 was
710 2758 802 2786 called
814 2758 875 2786 into
887 2758 1006 2794 activity
1017 2758 1055 2793 by
1067 2757 1117 2786 the
1130 2757 1203 2793 light
1214 2756 1247 2785 of
1256 2757 1306 2786 the
1318 2765 1383 2786 aun.
