2350 3580
612 728 679 755 212
880 718 1054 752 OPERIS
1079 718 1291 759 uasoms
1315 717 1445 752 PARS
1470 717 1637 753 SEXTA.

615 808 739 857 passio
755 808 1019 846 elementorum
1035 819 1103 845 nec
1120 808 1319 852 corruptio.
1369 807 1422 845 Et
1435 807 1508 845 hoc
1523 807 1605 845 vult
1621 806 1846 846 Afistotele·
1858 807 1898 846 in

610 868 744 913 quinto
766 867 1053 912 metaphysicae,
1079 866 1140 901 ubi
1159 866 1299 908 sanxit,
1316 866 1418 913 quod
1435 866 1624 912 potentiae
1641 865 1784 902 activae
1804 876 1897 902 cum

613 924 747 961 fuerint
764 923 934 970 aequales
952 935 1026 960 noo
1041 923 1173 960 accidit
1190 923 1399 970 corruptio;
1425 927 1463 959 et
1478 923 1549 960 hoc
1565 929 1623 960 est
1637 929 1793 960 certum.

425 987 601 1024 Eqmiiyof
661 981 759 1018 Nam
786 982 838 1018 sic
865 982 934 1018 erit
959 981 997 1017 in
1023 981 1239 1028 corporibus
1265 985 1350 1028 post
1376 980 1688 1017 resurrectionem.
1736 979 1896 1027 Aequa-

422 1023 599 1097 :maed
612 1039 697 1075 litas
725 1039 820 1075 enim
848 1039 1112 1074 elementorum
1139 1038 1174 1073 in
1205 1038 1419 1085 corporibus
1447 1038 1518 1074 illis
1547 1037 1711 1074 excludit
1737 1048 1895 1084 corrup-

423 1097 450 1123 in
466 1097 581 1124 Ad⁸m¹¹
613 1097 752 1132 tionem
770 1097 808 1132 in
830 1102 1031 1132 aeternum.
1082 1094 1183 1131 Nam
1208 1094 1299 1131 haec
1323 1094 1527 1141 aequalitas
1552 1101 1607 1132 est
1632 1094 1783 1131 ultimus
1807 1093 1895 1131 finis

423 1132 575 1197 ξῗξῖᾀῷῃά
609 1154 787 1190 materiae
818 1153 994 1190 naturalis
1025 1152 1061 1188 in
1094 1152 1311 1200 corporibus
1345 1153 1478 1197 mixtis,
1505 1153 1592 1200 quia
1622 1152 1892 1189 nobilissimum

422 1205 551 1269 ffintech‘-
609 1218 675 1254 εει,
701 1217 738 1246 et
763 1211 847 1246 idco
870 1211 908 1245 in
939 1222 983 1246 eo
1006 1211 1210 1257 quiesceret
1234 1211 1423 1257 appetitus
1452 1210 1636 1251 materiae,
1663 1214 1702 1245 ct
1724 1220 1799 1245 non
1824 1210 1892 1246 de·

422 1276 490 1304 non..
608 1268 783 1304 sideraret
819 1267 959 1314 aliquid
997 1269 1103 1304 ultra.
1159 1267 1303 1314 Corpus
1341 1272 1464 1303 autem
1502 1267 1612 1304 Adae
1647 1278 1720 1304 non
1757 1267 1893 1303 habuit

608 1326 790 1361 elementa
812 1326 847 1361 in
869 1325 977 1371 plena
1001 1324 1236 1371 aequalitate,
1252 1331 1290 1361 et
1314 1325 1399 1361 ideo
1424 1324 1570 1361 suerunt
1594 1324 1631 1361 in
1656 1335 1703 1361 eo
1726 1324 1828 1361 actio
1851 1331 1892 1361 et

608 1384 728 1429 passio
751 1383 1014 1420 elementorum
1041 1383 1322 1425 contrariorum,
1339 1388 1375 1419 et
1399 1393 1465 1429 per
1487 1381 1738 1428 consequens¹
1757 1382 1893 1429 deper-

606 1441 708 1482 ditio.
735 1446 772 1476 et
802 1441 887 1476 ideo
917 1441 1077 1486 indiguit
1108 1441 1345 1476 nuti-Imento.
1398 1439 1449 1475 Et
1477 1445 1629 1486 propter
1657 1439 1729 1475 hoc
1756 1439 1827 1475 ruit
1855 1440 1889 1475 ei

607 1503 852 1544 praeceptum,
880 1503 921 1533 ut
950 1509 1021 1533 non
1057 1499 1268 1533 comederet
1301 1496 1349 1532 de
1381 1496 1501 1533 fructu
1530 1497 1639 1533 vitae.
1687 1496 1765 1533 Sed
1798 1496 1890 1543 quia

606 1554 788 1591 elementa
807 1555 844 1590 in
869 1566 912 1590 co
939 1554 1085 1591 suerunt
1110 1565 1228 1601 prope
1252 1553 1523 1601 aequalitatem,
1541 1554 1623 1590 ideo
1648 1554 1796 1590 modica
1820 1554 1890 1590 suit

606 1613 642 1647 in
669 1624 715 1647 eo
746 1612 977 1658 deperdidm
1013 1617 1050 1647 et
1080 1617 1233 1658 propter
1256 1612 1327 1647 hoc
1354 1611 1421 1646 suit
1447 1616 1556 1657 aptus
1589 1611 1636 1647 ad
1671 1612 1890 1649 immortali·

605 1675 719 1706 tatem
748 1681 859 1716 quam
888 1675 1010 1716 posset
1038 1669 1225 1715 consequi,
1252 1669 1282 1705 si
1312 1668 1471 1704 fructum
1497 1668 1586 1715 ligni
1613 1669 1712 1705 vitae
1739 1680 1889 1716 semper

605 1727 835 1763 comedisset.
898 1727 970 1763 Hic
999 1727 1097 1763 enim
1123 1727 1262 1762 fructus
1296 1727 1516 1764 aestimatur
1538 1726 1674 1763 habere
1703 1726 1888 1763 elementa

604 1796 720 1832 prope
737 1785 997 1831 aequalitatem
1014 1798 1022 1827 ;
1050 1791 1088 1820 et
1105 1785 1190 1820 ideo
1208 1785 1330 1830 potuit
1347 1784 1558 1820 continuare
1577 1784 1886 1831 incorruptionem

606 1843 642 1878 in
669 1842 807 1884 Adam,
826 1843 927 1888 quod
954 1843 1090 1878 factum
1121 1842 1260 1886 fuisset,
1290 1843 1319 1877 si
1343 1853 1416 1877 non
1445 1847 1644 1888 peccasset.
1692 1840 1888 1887 Sapientes

603 1911 690 1946 ergo
709 1898 977 1942 laboraverunt,
994 1905 1035 1934 ut
1052 1899 1088 1934 in
1105 1899 1232 1945 aliquo
1250 1899 1464 1935 comestibili
1483 1898 1538 1935 vel
1565 1898 1718 1945 potabili
1736 1899 1887 1936 reduee-

604 1963 685 1992 rent
708 1957 890 1993 elementa
914 1958 961 1992 ad
988 1956 1252 2003 aequalitatem
1279 1956 1334 1992 vel
1362 1968 1487 2003 prope,
1516 1963 1555 1992 et
1578 1957 1783 1993 docuerunt
1807 1957 1886 1994 vias

604 2016 651 2050 ad
677 2015 759 2050 hoc.
810 2014 886 2050 Sed
912 2020 992 2050 tum
1026 2020 1176 2059 propter
1211 2014 1461 2050 difficultatem
1496 2014 1601 2050 istius
1633 2014 1886 2060 experientiae

604 2072 801 2114 maximae,
819 2077 899 2107 tum
917 2072 1003 2118 quia
1021 2072 1128 2118 pauci
1154 2077 1285 2108 curant
1312 2072 1359 2107 de
1379 2071 1625 2118 experientiis,
1647 2072 1734 2118 quia
1758 2073 1885 2108 multi-

601 2129 690 2176 plex
708 2135 765 2165 est
781 2129 830 2163 ibi
848 2128 952 2165 labor
970 2135 1006 2164 et
1023 2139 1269 2175 expensarum
1290 2140 1423 2174 magna
1447 2128 1587 2170 effusio,
1606 2140 1672 2166 nec
1687 2129 1886 2166 advertunt

602 2187 766 2222 homines
790 2191 940 2222 naturae
966 2191 1103 2221 secreta
1130 2193 1165 2222 et
1192 2187 1281 2222 artis
1307 2187 1498 2232 possibilia,
1518 2187 1601 2222 ideo
1625 2187 1759 2222 accidit
1784 2187 1885 2233 quod

603 2244 812 2289 paucissimi
855 2245 1111 2279 laboraverunt
1154 2245 1192 2278 in
1234 2244 1443 2290 hujusmodi
1485 2255 1661 2280 arcanum
1707 2245 1885 2280 scientiae

602 2301 798 2344 maximae,
810 2307 848 2337 et
865 2301 1054 2347 pauciores
1070 2308 1248 2337 venerunt
1262 2304 1309 2338 ad
1327 2301 1436 2338 finem
1456 2301 1689 2338 laudabilem.

651 2359 708 2394 Illi
739 2364 864 2396 tamen
889 2360 934 2396 de
963 2360 1097 2404 quibus
1127 2360 1223 2395 facta
1254 2368 1309 2396 est
1341 2361 1490 2402 mentio,
1516 2361 1581 2407 qui
1612 2372 1678 2407 per
1703 2371 1884 2398 annorum

601 2418 830 2453 centenarios
857 2417 970 2453 vitam
997 2424 1270 2463 protraxerunt,
1296 2418 1502 2453 habuerunt
1528 2418 1740 2463 hujusmodi
1767 2420 1885 2455 medi-

600 2475 721 2509 cinam
772 2475 971 2511 secundum
1023 2475 1139 2520 magis
1183 2480 1222 2510 et
1272 2476 1392 2510 minus
1442 2482 1707 2522 praeparatam.
1783 2475 1883 2512 Nam

599 2531 806 2578 Artephius
819 2531 839 2573 Β,
858 2532 921 2578 qui
939 2532 1072 2578 legitur
1097 2532 1232 2568 vixisse
1256 2532 1356 2568 mille
1373 2533 1501 2578 viginti
1523 2540 1560 2569 et
1585 2534 1747 2580 quinque
1769 2535 1884 2578 annis,

599 2590 727 2624 habuit
761 2590 948 2624 meliorem
984 2590 1202 2625 medicinam
1236 2601 1347 2636 quam
1379 2590 1558 2625 bubulcus
1585 2602 1712 2634 senex,
1740 2591 1778 2628 in
1806 2603 1883 2638 quo

600 2652 775 2682 renovata
790 2645 859 2682 suit
874 2646 1045 2692 juventus
1063 2659 1129 2693 per
1145 2649 1340 2694 sexaginta
1359 2659 1485 2683 annos,
1536 2649 1674 2694 Liquor
1687 2649 1758 2690 ille,
1769 2661 1883 2695 quem

599 2704 694 2739 bibit
711 2704 771 2739 ille
788 2704 953 2745 rusticus,
963 2706 1179 2740 aestimatur
1195 2716 1320 2741 versus
1336 2705 1596 2752 aequalitatem
1615 2705 1880 2743 elementorum

637 2768 646 2784 ¹
664 2770 689 2803 J.
708 2763 796 2796 alters
809 2771 864 2796 this
878 2775 908 2797 to
921 2771 1034 2804 gradus.

635 2810 646 2826 ²
663 2812 689 2838 Α
699 2811 781 2838 work
795 2811 912 2845 bearing
923 2812 972 2838 the
987 2821 1069 2838 name
1083 2811 1117 2837 os
1125 2811 1183 2838 this
1196 2812 1345 2840 nlehemist
1355 2821 1416 2839 was
1430 2813 1543 2846 printed
1552 2816 1581 2840 at
1594 2813 1744 2840 ankrun
1756 2813 1786 2840 in
1798 2815 1878 2848 ¹685.

598 2855 668 2881 with
684 2855 732 2881 the
752 2855 821 2885 title.
836 2855 952 2881 ‘Artefii
966 2854 1070 2881 Arabis
1085 2855 1248 2888 philosophi
1263 2855 1347 2882 Liber
1361 2855 1514 2886 Secretus;
1536 2864 1587 2883 nec
1603 2864 1661 2882 nou
1674 2856 1789 2883 Summi
1804 2856 1879 2884 Tris-

599 2898 712 2932 megisti
725 2898 787 2924 sive
803 2898 908 2925 Fratris
921 2898 1026 2924 Heliae
1043 2900 1078 2924 de
1092 2899 1207 2925 Assisio
1221 2899 1347 2931 libellus;
1367 2907 1487 2933 quorum
1506 2901 1612 2934 primus
1629 2901 1769 2934 magicum
1785 2901 1879 2935 ignem

597 2941 633 2967 ab
647 2941 777 2968 omnibus
790 2941 961 2968 occultatum
973 2942 1074 2976 aperit,
1088 2941 1160 2968 alter
1173 2942 1311 2976 operandi
1326 2943 1442 2969 modum
1454 2947 1554 2977 aperte
1567 2943 1668 2971 docet!
