2350 3580
418 2138 462 2164 De
475 2136 560 2165 Tran-

419 2172 566 2209 quillitate,

419 2218 479 2245 cap.
493 2218 518 2245 4.

604 724 671 760 352
838 716 1011 749 OPERIS
1034 715 1245 756 uasoms
1270 715 1399 749 PARS
1423 714 1645 749 SEPTIMA.

604 806 765 842 urbanus
797 811 946 852 praetor
975 805 1199 841 adeuntibus
1236 802 1471 855 [adsessoris]
1505 805 1616 841 uerba
1652 804 1876 850 pronuntiat.

604 872 716 909 quam
739 863 803 908 qui
827 864 917 910 quid
941 864 989 899 sit
1009 863 1161 909 justitia,
1188 862 1276 909 quid
1307 863 1434 908 pietas,
1459 862 1547 909 quid
1576 862 1765 909 patientia,
1785 861 1876 908 quid

605 911 887 966 sonitudo,Quid
900 920 1027 957 mortis
1037 925 1279 966 contemptus,
1287 920 1378 966 quid
1389 919 1458 956 Dei
1471 919 1685 960 intellectus.
1695 924 1876 966 quantum

604 978 826 1023 adjutorium
851 978 1043 1014 hominum
1068 978 1116 1013 sit
1139 978 1239 1013 bona
1263 978 1484 1013 conscientia
1492 980 1509 1013 ξ’
1555 972 1655 1024 Er'go
1678 977 1710 1012 si
1730 982 1877 1023 ‘tempus

604 1035 641 1071 in
657 1034 780 1072 studia
797 1036 963 1071 conferas
979 1036 1079 1082 quod
1101 1034 1325 1071 subduxeris
1347 1033 1483 1078 officiis,
1498 1045 1573 1070 non
1589 1034 1792 1070 deseruerit
1807 1044 1876 1070 nec

604 1098 737 1128 ‘munus'
762 1092 1029 1128 detrectaveris.
1086 1085 1219 1138 Neque
1243 1092 1341 1128 enim
1367 1091 1430 1127 ille
1456 1090 1556 1127 sotus
1589 1090 1723 1128 militat
1749 1091 1814 1138 qui
1838 1090 1877 1127 in

604 1149 683 1184 acie
708 1154 783 1185 atat
812 1154 849 1185 et
877 1159 990 1185 cornu
1021 1147 1212 1200 [dextrum
1245 1145 1481 1198 laevumque]
1513 1149 1688 1190 defendit,
1713 1149 1778 1184 aed
1812 1148 1876 1193 qui

604 1211 730 1252 portas
755 1211 886 1249 tuetur,
910 1212 948 1242 et
972 1206 1129 1242 statione
1154 1207 1274 1242 minus
1296 1205 1496 1253 periculosa
1514 1217 1587 1242 non
1607 1206 1726 1241 otiosa
1750 1211 1878 1242 tamen

604 1262 777 1309 fungitur,
803 1263 1020 1310 vigiliasque
1057 1270 1178 1300 servat
1203 1269 1241 1299 et
1265 1263 1547 1300 armamentario
1573 1267 1738 1310 praeest5
1779 1274 1878 1310 quae

606 1321 816 1364 mmmm-ia,
828 1322 997 1366 quamvis
1014 1321 1201 1356 incruenta
1221 1321 1303 1366 sint,
1316 1317 1385 1370 [in]
1403 1331 1594 1356 numerum
1612 1321 1877 1367 stipendiorum

603 1378 764 1413 veniunt.
815 1377 855 1414 si
885 1384 922 1414 te
948 1379 994 1414 ad
1023 1379 1145 1414 studia
1172 1379 1395 1414 revocaveris
1425 1389 1536 1414 omne
1563 1378 1661 1414 vitae
1689 1376 1876 1414 fastidium

604 1433 783 1480 effugeris,
806 1446 872 1471 nec
897 1440 1043 1471 noctem
1068 1435 1143 1471 fieri
1161 1435 1310 1482 optabis
1326 1422 1453 1472 'taedio
1470 1434 1570 1480 lucis,
1586 1438 1654 1471 ne‘c
1670 1435 1738 1471 tibi
1757 1435 1878 1482 gravis

605 1492 674 1526 eris
710 1503 777 1527 nec
810 1492 892 1528 aliis
923 1504 1180 1539 supervacuus.
1232 1492 1373 1528 Multos
1405 1493 1443 1527 in
1472 1492 1672 1528 amicitiam
1702 1492 1878 1535 attrahes.

604 1549 815 1595 adfluetque
830 1551 879 1586 ad
901 1555 939 1585 te
962 1551 1123 1596 optimus
1148 1551 1314 1596 quhque.
1367 1550 1567 1596 Nunquam
1592 1550 1689 1585 enim
1707 1551 1878 1596 quamvis

604 1607 759 1643 obscura
788 1607 903 1644 virtus
928 1606 1018 1643 latet
1042 1608 1105 1643 sed
1137 1609 1276 1644 emittit
1301 1607 1356 1643 sui
1385 1608 1512 1654 signa:
1550 1607 1714 1654 quisquis
1743 1608 1879 1653 dignus

604 1663 724 1706 fuerit,
739 1664 901 1710 vestigiis
919 1665 1019 1701 illam
1037 1665 1196 1710 colliget.
1236 1665 1334 1701 Nam
1354 1665 1383 1701 si
1400 1675 1546 1701 omnem
1563 1665 1877 1701 conversationem

604 1722 830 1757 touirnus·et
854 1723 977 1768 generi
1010 1723 1172 1758 humano
1203 1723 1461 1766 renuntiamus,
1487 1723 1715 1768 vivimusque
1745 1723 1782 1758 in
1810 1734 1880 1758 nos

605 1785 750 1814 tantum
790 1781 1183 1827 conversi„·sequetu1;
1212 1780 1307 1816 hanc
1340 1781 1576 1816 solitudinem
1605 1781 1716 1815 ’omni
1752 1781 1878 1816 studi-:1

604 1837 769 1883 sapiente
808 1843 994 1873 carentem
1037 1837 1157 1884 inopia
1190 1848 1310 1873 rerum
1352 1838 1587 1884 agendarum.
1655 1837 1878 1884 Incipiemus

604 1894 770 1929 aedificia
801 1894 872 1929 alia
899 1888 1045 1940 ponere,
1077 1895 1148 1930 alia
1174 1895 1436 1930 subvertere..
1455 1921 1464 1930 .
1483 1900 1520 1930 et
1547 1895 1643 1930 male
1665 1895 1878 1940 dispensare

605 1958 753 1998 tempus
768 1963 903 1997 ...qua
920 1963 959 1987 re
974 1952 1062 1987 nihil
1079 1953 1223 1998 turpius
1241 1958 1305 1988 eet.
1356 1951 1476 1998 Saepe
1493 1953 1643 1998 grandis
1657 1958 1745 1989 natu
1763 1965 1878 1989 senex

604 2009 744 2044 nullum
772 2009 886 2045 habet,
910 2009 1009 2045 aliud
1032 2007 1292 2055 argumentum
1316 2020 1392 2055 quo
1422 2023 1462 2046 se
1491 2010 1623 2056 probet
1652 2010 1714 2046 diu
1740 2011 1879 2047 vixisse

604 2073 748 2112 praeter
764 2066 943 2101 aetatem-³

652 2128 681 2158 ‘.
702 2149 709 2158 .
728 2149 737 2158 .
756 2124 799 2159 In
823 2125 1006 2166 domibus,
1032 2125 1068 2159 in
1097 2125 1327 2169 spectaculis,
1355 2125 1392 2160 in
1421 2126 1598 2160 conviviis
1626 2126 1765 2161 bonum
1792 2137 1880 2160 con—

605 2181 843 2223 tubernalem,
872 2180 1019 2217 fidelem
1048 2182 1221 2221 amicum,
1252 2188 1517 2228 temperantem
1552 2185 1744 2219 convivam
1777 2188 1876 2229 agat.

606 2238 735 2274 Officia
768 2239 857 2273 civis
888 2239 1070 2281 amiserit:
1105 2239 1265 2274 hominis
1299 2247 1478 2276 exerce-at.
1538 2240 1698 2276 Animos
1732 2247 1878 2276 nostros

606 2306 677 2331 non
699 2297 803 2331 unius
828 2297 926 2332 urhis
950 2297 1143 2332 moenibus
1165 2296 1350 2339 clusimus,
1367 2299 1432 2332 sed
1454 2299 1490 2332 in
1514 2298 1627 2333 totius
1652 2298 1752 2333 orbis
1775 2309 1879 2333 com-

608 2353 777 2389 mercium
797 2353 986 2389 emisimus
1003 2354 1234 2399 patriamque
1256 2355 1361 2390 nobis
1380 2356 1555 2391 mundum
1574 2354 1724 2401 professi
1741 2365 1879 2397 sumus,

606 2418 646 2447 ut
679 2411 803 2447 liceret
839 2408 1042 2459 [latiorem]
1077 2411 1201 2447 virtuti
1235 2423 1407 2458 campum
1441 2412 1538 2448 dare.
1563 2439 1571 2447 .
1601 2438 1607 2447 .
1636 2440 1643 2448 .
1677 2411 1878 2459 Nunquam

606 2468 744 2502 inutilis
769 2474 824 2504 est
852 2479 966 2514 opera
994 2460 1081 2504 civis
1112 2469 1210 2504 boni.
1261 2469 1423 2504 Auditus
1454 2475 1511 2504 est
1543 2470 1736 2516 visusqueg
1774 2471 1878 2505 vultu

604 2531 692 2561 nutu
719 2552 728 2561 .
755 2553 764 2562 .
789 2553 798 2561 .
823 2527 1037 2572 incessuque
1063 2527 1144 2572 ipso
1168 2528 1327 2573 prodest.
1381 2527 1434 2563 Ut
1463 2527 1635 2563 salutaria
1662 2539 1758 2573 quae
1787 2528 1880 2563 citra

604 2590 752 2630 gustum
770 2590 981 2630 tactumque
999 2584 1110 2620 odore
1123 2583 1330 2630 proficiunt,
1347 2584 1399 2620 ita
1416 2585 1532 2620 virtus
1550 2585 1746 2621 utilitatem
1765 2586 1879 2621 etiam

604 2652 652 2676 ex
684 2641 886 2686 longinquo
912 2647 948 2676 et
977 2641 1092 2677 latens
1119 2641 1250 2681 fundit,
1279 2642 1354 2676 sive
1381 2643 1561 2686 spatiatur
1587 2669 1594 2676 .
1621 2668 1629 2676 .
1656 2669 1664 2675 .
1689 2644 1766 2678 sive
1795 2655 1878 2689 pre-

605 2699 719 2734 carios
737 2699 848 2733 habet
871 2710 1043 2733 excessus
1061 2723 1070 2732 .
1091 2723 1099 2733 .
1122 2725 1130 2732 .
1150 2699 1225 2734 sive
1245 2687 1376 2734 otiosa*
1390 2705 1565 2744 mutaque
1587 2705 1643 2734 est
1663 2704 1702 2734 et
1723 2706 1880 2745 angusto

605 2757 845 2801 circumsepta
864 2782 872 2791 .
891 2783 899 2791 .
917 2782 923 2791 .
943 2756 979 2790 in
1003 2766 1221 2801 quocunque
1252 2756 1379 2791 habitu
1405 2762 1470 2799 est,
1496 2757 1621 2802 prosit.
1672 2755 1803 2802 Quid?
1838 2763 1878 2792 tu

606 2824 732 2859 parum
753 2813 842 2847 utile
860 2820 968 2858 putas
986 2813 1194 2858 exemplum
1214 2814 1308 2848 bene
1325 2814 1570 2860 quiescentis?
1608 2813 1737 2859 Longe
1756 2815 1880 2860 itaque

606 2871 786 2916 optimum
823 2867 910 2918 [est]
945 2871 1097 2906 miscere
1130 2872 1245 2906 otium
1281 2873 1396 2913 rebus,
1419 2872 1589 2917 quotiens
1623 2876 1774 2906 actuosa
1803 2873 1879 2907 vita

606 2927 876 2974 impedimentis
910 2927 1068 2963 fortuitis
1101 2933 1163 2964 aut
1205 2928 1365 2965 civitatis
1405 2929 1616 2964 conditione
1652 2927 1878 2974 prohibetur.
