2350 3580
766 706 989 741 scmlvrm
1019 706 1457 740 EXPERIMENTALIS.
1687 706 1752 749 187

472 807 498 832 a
528 801 760 839 concurrunt.
782 804 822 835 et
849 799 898 835 ab
924 797 1042 836 altera
1070 803 1176 845 parte
1208 803 1434 844 separantur,
1461 802 1502 832 ut
1530 804 1685 844 apparet
1715 797 1751 832 in

473 852 601 900 figura.
650 855 690 891 Si
706 867 796 891 vero
817 868 840 891 a
861 861 1052 892 moveatur
1070 867 1195 891 versus
1210 867 1244 901 g
1257 856 1294 891 in
1316 857 1457 891 directo
1477 855 1514 899 d,
1529 861 1618 891 tunc
1640 867 1660 890 c
1681 857 1751 891 crit

473 911 512 947 in
534 911 573 955 h,
600 918 641 949 et
671 918 761 948 tuuc
789 912 886 949 linea
909 912 930 948 b
957 912 993 958 d,
1017 919 1056 950 et
1081 925 1101 948 c
1122 912 1160 957 h,
1185 918 1223 949 et

473 981 500 1006 a
519 975 676 1016 gerunt
700 970 881 1017 aequales,
907 976 946 1007 et
969 982 992 1006 a
1015 982 1035 1006 c
1061 970 1159 1007 linea
1184 975 1223 1006 et

466 1038 503 1072 g
522 1027 548 1062 h
582 1028 882 1073 aequidistantoe.
943 1027 1020 1064 Sed
1052 1033 1220 1064 centrum

474 1084 578 1120 iridis
605 1091 664 1121 est
687 1097 835 1131 semper
863 1086 899 1121 in
932 1086 1075 1121 directo
1107 1086 1223 1120 centri

473 1141 571 1178 oculi
589 1141 776 1178 facialiter.
817 1141 1057 1189 Quapropter
1071 1147 1223 1189 oportet

474 1210 611 1245 ponere
637 1200 739 1245 quod
764 1199 822 1235 sol
848 1201 992 1236 videtur
1022 1200 1160 1237 moveri
1186 1200 1223 1234 in

474 1257 617 1293 directo
645 1258 817 1299 videntis,
849 1262 892 1293 ut
926 1258 979 1293 sic
1012 1258 1129 1303 possit
1160 1258 1223 1293 iris

473 1315 615 1351 moveri
637 1315 926 1361 aequidistanter
944 1315 1097 1351 videnti.

526 1372 621 1408 Item
644 1372 781 1408 scimus
803 1373 905 1420 quod
927 1372 982 1408 sol
1005 1378 1160 1420 apparet
1186 1373 1223 1409 in
1768 1391 1940 1421 Pmnenm

473 1430 623 1466 oculum
639 1429 842 1476 cujuslibet.
877 1430 917 1466 Si
935 1430 1035 1466 mille
1052 1430 1223 1467 homines
1274 1423 1293 1445 ⁰
1492 1422 1513 1459 b
1711 1423 1736 1448 α
1767 1428 1885 1492 ῠῑῡὲῐυ

473 1488 732 1524 ordinarentur
744 1489 947 1524 secundum
960 1487 1093 1524 lineam
1109 1500 1222 1524 unam
1443 1474 1512 1503 ¹⁷¹⁰·
1526 1480 1570 1511 ⁷²·
1767 1465 1817 1493 ὼ
1837 1473 1906 1493 om.

474 1546 524 1582 ab
540 1546 680 1582 oriente
699 1546 748 1582 ad
769 1545 963 1588 occiderim
993 1547 1143 1582 umbrae
1166 1556 1294 1582 eorum
1320 1550 1443 1582 essent
1466 1545 1754 1592 aequidistantes

475 1604 679 1639 secundum
698 1614 860 1645 sensum,
872 1608 911 1638 et
929 1604 1019 1639 radii
1034 1603 1171 1638 solares
1184 1604 1360 1638 cadentes
1375 1614 1485 1650 super
1502 1614 1577 1638 eos.
1617 1603 1666 1638 Et
1684 1603 1755 1638 hoc

475 1666 534 1696 est
559 1666 711 1706 propter
737 1661 819 1703 hoc,
843 1662 942 1708 quod
972 1672 1048 1697 non
1074 1662 1299 1708 percipimus
1326 1671 1542 1696 concursum
1571 1661 1753 1696 radiorum

475 1717 649 1755 solarium
671 1718 711 1754 in
735 1724 903 1754 centrum
927 1718 1008 1764 ejus
1027 1724 1178 1765 propter
1201 1718 1355 1754 nimiam
1380 1718 1605 1754 distantiam.
1656 1717 1754 1753 Item

475 1781 627 1821 propter
666 1776 820 1812 eandem
863 1776 1088 1820 distantiam,
1119 1787 1194 1812 non
1231 1776 1454 1823 percipimus
1485 1781 1629 1810 motum
1668 1775 1756 1810 solis

476 1833 648 1868 diurnum
675 1833 711 1869 in
732 1845 848 1879 parvo
871 1839 1050 1880 tempore.
1072 1834 1138 1869 sed
1163 1834 1310 1869 videtur
1336 1833 1443 1868 nobis
1467 1833 1569 1879 quod
1598 1832 1655 1867 sol
1682 1837 1755 1868 stet

475 1889 514 1926 in
542 1891 657 1927 coelo.

526 1947 590 1984 Ex
617 1959 692 1994 quo
726 1948 932 1985 ostenditur
958 1948 1057 1995 quod
1093 1947 1330 1985 nihilominus
1365 1946 1585 1995 experimur,
1616 1947 1754 1984 scilicet
1771 1953 1845 1983 Ench
1858 1954 1907 1981 ob-

476 2005 577 2051 quod
599 2006 662 2041 iris
686 2011 899 2043 numeratur
919 2006 1120 2042 secundum
1145 2017 1340 2041 numerum
1363 2005 1553 2041 hominum
1577 2006 1756 2051 aspicien-
1769 1998 1929 2055 ffaff‘*

477 2061 580 2098 tium.
630 2062 729 2099 Nam
746 2062 776 2099 si
792 2064 868 2099 duo
889 2063 997 2099 simul
1017 2069 1116 2099 stent
1137 2064 1356 2110 aspicientes
1373 2062 1502 2099 iridem
1518 2062 1554 2098 in
1574 2061 1757 2109 aquilone,
1770 2063 1903 2091 minbow.

476 2125 516 2156 et
539 2130 634 2157 unus
658 2121 805 2160 recedat
828 2121 877 2158 ad
902 2121 1081 2164 occidens,
1098 2121 1159 2156 iris
1185 2120 1392 2157 movebitur
1410 2120 1698 2167 aequidistanter
1713 2120 1757 2162 ei,

477 2182 516 2213 et
539 2177 571 2213 si
590 2178 686 2214 alius
701 2178 803 2214 vadit
822 2179 871 2214 ad
890 2179 1021 2222 oriens,
1039 2179 1099 2214 iris
1123 2185 1292 2214 movetur
1310 2179 1596 2225 aequidistanter
1619 2178 1681 2219 illi¹
1697 2177 1755 2214 vel

476 2234 508 2271 si
531 2240 605 2271 stet
630 2236 666 2271 in
692 2236 775 2271 loco
799 2237 928 2282 primo,
945 2238 1058 2272 stabit
1082 2237 1154 2272 iris.
1205 2237 1441 2272 Manifestum
1467 2242 1523 2272 est
1547 2247 1636 2282 ergo
1656 2236 1757 2282 quod

477 2292 542 2330 iris
569 2300 781 2329 numeratur
807 2294 1008 2330 secundum
1039 2306 1232 2330 numerum
1262 2294 1450 2330 hominum
1481 2289 1756 2341 aspicientium3

477 2356 518 2387 et
543 2350 629 2387 ideo
658 2351 884 2397 impossibile
910 2358 966 2388 est
993 2351 1093 2398 quod
1121 2353 1196 2388 duo
1221 2352 1370 2388 videant
1399 2362 1509 2387 unam
1536 2358 1574 2387 et
1601 2351 1756 2387 eandem

477 2408 619 2453 iridem,
639 2409 806 2454 quamvis
830 2409 1045 2456 inexpertus
1069 2409 1139 2447 hoc
1165 2421 1239 2444 non
1265 2410 1450 2456 percipiat.
1503 2409 1601 2444 Nam
1627 2409 1757 2444 umbra

477 2464 677 2511 cujuslibet
699 2467 831 2502 dividit
857 2478 981 2502 arcum
1008 2468 1108 2502 iridis
1133 2469 1170 2502 in
1196 2468 1272 2503 duo
1296 2467 1474 2514 aequalia,
1494 2471 1530 2502 et
1558 2467 1652 2510 ideo,
1672 2477 1756 2502 cum

478 2523 633 2559 umbrae
652 2523 727 2560 sint
743 2523 1031 2570 aequidistantes
1048 2524 1170 2570 quoad
1194 2536 1352 2568 sensum,
1369 2536 1443 2560 non
1466 2530 1685 2560 concurrunt
1708 2524 1756 2560 ad

478 2580 640 2633 medium
674 2581 838 2626 eiusdem
875 2582 986 2623 iridis.
1012 2587 1049 2618 et
1083 2582 1168 2618 ideo
1200 2582 1351 2619 cuilibet
1379 2582 1570 2630 aspicienti
1603 2582 1759 2618 debetur

478 2640 627 2686 propria
652 2639 721 2675 iris.
772 2639 823 2674 Et
848 2639 920 2675 hoc
946 2646 1061 2686 patet,
1081 2642 1168 2686 quia
1194 2641 1224 2675 si
1250 2641 1287 2675 in
1311 2641 1472 2676 diversas
1496 2645 1534 2675 et
1559 2640 1759 2675 contrarias

477 2702 605 2743 panes
627 2695 722 2732 duae
748 2704 967 2733 moveantur
986 2697 1103 2738 indes,
1122 2698 1367 2734 movebuntur
1382 2698 1587 2733 secundum
1613 2703 1756 2733 motum

477 2753 694 2797 videntium,
709 2760 748 2791 et
765 2755 849 2790 ideo
865 2760 958 2801 quot
973 2760 1061 2791 sunt
1077 2755 1254 2799 videntes,
1270 2761 1327 2792 tot
1345 2760 1431 2792 sunt
1447 2755 1567 2791 irides.

529 2812 593 2847 Ex
615 2810 696 2848 Ῑιίε.ι
719 2823 808 2858 ergo
830 2813 997 2858 sequitur
1012 2813 1112 2859 quod
1130 2813 1190 2848 iris
1212 2824 1285 2848 non
1305 2813 1451 2848 videtur
1470 2813 1537 2848 nisi
1555 2823 1622 2860 per
1637 2813 1758 2848 radios

516 2903 528 2921 ¹
547 2903 575 2932 12
585 2913 647 2933 was
658 2904 712 2932 len.
723 2903 768 2933 for
781 2904 934 2933 Daean-
948 2909 979 2933 to
990 2905 1103 2941 explain
1117 2905 1176 2933 that
1191 2906 1240 2933 the
1253 2914 1304 2941 ray
1318 2905 1351 2933 os
1360 2905 1432 2940 iight
1444 2914 1505 2933 was
1518 2905 1605 2933 twice
1618 2905 1758 2933 resneted

478 2948 539 2978 ond
550 2957 624 2977 once
637 2951 772 2978 renected
786 2951 815 2977 in
828 2951 877 2978 the
891 2952 1037 2986 raindrop.
1078 2952 1125 2978 He
1144 2952 1314 2979 discovered
1334 2952 1416 2979 much
1438 2960 1518 2978 more
1537 2952 1605 2978 than
1625 2951 1698 2984 this:
1726 2959 1759 2978 ιε

489 3050 652 3076 ,mon
