2350 3580
599 729 666 764 252
835 721 1007 755 OPERIS
1032 720 1243 760 MAJORJS
1270 721 1396 756 PARS
1423 719 1642 756 SEPTIMA.

413 819 495 848 Lun
649 810 795 848 Deinde
808 811 890 858 jura
906 811 1045 847 habent
1057 811 1168 847 statui
1185 811 1383 848 secundum
1396 823 1492 858 quae
1511 811 1547 848 in
1565 810 1737 848 omnibus
1752 811 1875 847 causis

413 857 553 920 ffiiffissm
600 875 637 904 et
655 869 799 905 casibus
812 868 823 890 ²
841 869 1057 904 ostendatur
1072 869 1161 915 quid
1174 868 1268 915 juris
1283 869 1331 903 sit
1356 875 1395 905 et
1410 869 1612 904 secundum
1629 879 1725 916 quae
1740 878 1878 904 musae

415 938 446 970 qr
457 929 552 964 gamb-
600 927 743 972 possint
768 927 968 970 terminari,
992 931 1032 961 ut
1059 937 1134 972 pax
1170 931 1208 961 et
1239 926 1383 971 justitia
1414 926 1605 962 foveantur
1638 927 1734 962 inter
1765 927 1878 962 cives.

414 963 473 1000 ΜΕ
486 970 581 1001 '⁹⁰¹²‘
601 983 735 1019 Postea
752 989 792 1020 ut
808 984 898 1019 dicit
909 983 1112 1027 Avicenna,
1124 982 1308 1030 prohiberi
1325 985 1461 1020 debent
1474 985 1596 1021 studia
1612 990 1766 1031 propter
1780 995 1877 1031 quae

601 1041 821 1078 amittuntur
838 1041 1061 1078 hereditates
1084 1047 1122 1077 et
1139 1052 1279 1084 census,
1305 1047 1343 1077 et
1366 1052 1443 1088 pax
1460 1047 1498 1078 et
1523 1042 1717 1078 concordia
1739 1042 1876 1078 civium

599 1099 810 1140 turbantem
843 1106 881 1134 et
914 1098 1071 1134 artifices
1103 1094 1236 1134 horum
1270 1099 1474 1134 studiorum
1510 1105 1594 1134 sunt
1626 1100 1689 1145 qui
1720 1099 1875 1146 eupiunt

599 1157 744 1191 vincere
760 1167 870 1191 causa
890 1156 979 1191 lucri
997 1155 1161 1202 alicujus,
1181 1161 1221 1191 ut
1235 1157 1405 1200 luctator,
1423 1157 1572 1200 aleator,
1589 1162 1627 1192 et
1653 1155 1876 1203 hujusmodi.

601 1212 777 1249 Similiter
810 1213 948 1250 debent
981 1213 1164 1260 prohiberi
1202 1213 1325 1249 studia
1356 1225 1450 1260 quae
1483 1214 1658 1250 inducunt
1694 1214 1877 1250 contraria

601 1270 832 1314 utilitatibus,
848 1271 943 1307 sicut
963 1270 1214 1316 exemplificat
1240 1271 1276 1306 in
1301 1271 1467 1308 doctrina
1494 1270 1636 1308 furandi
1653 1276 1691 1308 et
1708 1271 1876 1319 rapiendi

600 1333 638 1363 et
656 1329 692 1363 in
712 1330 866 1365 caeteris
882 1328 1101 1374 hujusmodi.
1617 1371 1622 1374 ,

410 1394 486 1422 War.
652 1385 703 1421 Et
719 1386 870 1422 ulterius
886 1386 1026 1422 debent
1043 1385 1117 1422 fieri
1136 1386 1392 1426 ordinationes.
1403 1387 1497 1423 ,sicut
1512 1387 1600 1423 dicit
1611 1386 1816 1426 Avicenna,
1834 1391 1875 1423 ut

599 1443 766 1479 hortun&
790 1454 830 1479 se
855 1443 1030 1489 adjuvent
1057 1448 1184 1480 mutuo
1203 1448 1241 1479 et
1263 1444 1472 1484 defendant.
1496 1449 1534 1480 et
1556 1451 1683 1481 contra
1706 1444 1876 1480 inimicos

601 1500 692 1546 legis
715 1501 788 1536 siut
812 1501 1006 1536 unanimes
1032 1501 1142 1536 etiarn
1170 1502 1216 1536 ad
1245 1503 1534 1547 expugnandum
1554 1513 1629 1537 eos„
1681 1502 1720 1537 Si
1747 1507 1875 1538 autem

600 1558 670 1594 alia
688 1558 815 1594 civitas
830 1558 888 1594 vel
912 1558 1072 1605 regimen
1091 1558 1139 1594 sit
1159 1560 1338 1594 bonarum
1361 1559 1661 1595 constitutionum
1685 1565 1723 1595 et
1739 1558 1876 1606 legum,

599 1615 668 1651 hoc
686 1627 759 1651 non
777 1616 989 1652 adversatur
1006 1617 1039 1652 ei
1058 1616 1125 1652 nisi
1139 1622 1285 1663 tempus
1303 1616 1407 1652 suerit
1425 1616 1559 1653 debere
1576 1628 1647 1652 non
1665 1627 1746 1653 esse
1763 1616 1874 1653 aliam

598 1673 728 1718 legem,
746 1673 848 1718 cujus
861 1674 1054 1715 institutio,
1070 1674 1245 1721 quoniam
1264 1675 1406 1721 optima
1424 1678 1490 1718 est,
1507 1680 1594 1709 tunc
1612 1674 1801 1710 dilatanda
1816 1679 1874 1710 est

599 1743 664 1777 per
679 1737 801 1767 totum
821 1732 1010 1767 mundum.
1062 1730 1112 1766 Et
1131 1732 1165 1766 in
1187 1732 1256 1767 hoc
1268 1733 1379 1767 verbo
1399 1732 1459 1767 lex
1476 1732 1685 1768 Christiana
1702 1733 1874 1774 innuitur,

599 1794 640 1825 ut
671 1788 821 1825 inferius
852 1795 1070 1836 exponetur.
1121 1788 1161 1825 Si
1199 1795 1323 1825 autem
1350 1790 1461 1836 aliqui
1486 1790 1558 1825 sint
1592 1790 1686 1826 inter
1717 1800 1784 1826 eos
1812 1790 1875 1836 qui

599 1857 621 1882 a
647 1846 728 1893 lege
752 1847 972 1891 discordant,
990 1847 1090 1894 prius
1114 1847 1343 1894 corrigantur
1367 1854 1407 1884 ut
1443 1847 1679 1894 resipiscantg
1713 1848 1814 1894 quod
1839 1847 1870 1884 si

601 1903 718 1940 facere
734 1905 928 1947 noluerint,
943 1899 1169 1941 occidantur.

1079 2108 1330 2146 CAPITULUM
1359 2109 1405 2145 ΙΙ.

416 2230 531 2266 Chmge
544 2229 578 2258 of
651 2216 701 2251 Et
728 2215 895 2251 ultimum
921 2216 1021 2261 quod
1055 2216 1112 2251 hic
1148 2216 1312 2262 exigitur
1343 2221 1401 2251 est
1434 2216 1532 2262 quod
1567 2214 1774 2262 Legislator
1806 2216 1876 2252 sibi

415 2274 530 2331 ξπ·
600 2273 797 2310 constituat
817 2285 1074 2309 successorem.
1126 2273 1175 2309 Et
1202 2273 1272 2309 hoc
1292 2273 1332 2309 fit
1349 2274 1551 2309 secundum
1565 2272 1794 2309 Avicennam
1813 2286 1878 2320 per

493 2322 504 2331 “
600 2331 699 2368 hunc
716 2331 877 2367 modum.
929 2331 1051 2367 Debet
1069 2331 1168 2367 enim
1183 2331 1252 2367 hoc
1272 2330 1389 2367 facere
1400 2342 1483 2366 cum
1502 2341 1678 2367 consensu
1694 2331 1876 2377 majorum

601 2394 638 2424 et
650 2389 768 2435 vulgi;
786 2394 821 2424 et
836 2388 946 2424 talem
966 2389 1078 2435 eligat
1094 2388 1157 2435 qui
1176 2389 1272 2424 bene
1289 2399 1414 2434 regere
1425 2389 1542 2434 possit
1554 2394 1591 2424 et
1605 2388 1653 2424 sit
1666 2390 1826 2436 prudens
1840 2396 1876 2424 et

600 2447 839 2482 honestorum
870 2458 1034 2489 morum;
1063 2447 1201 2488 audax,
1225 2453 1452 2489 mansuetum,
1474 2447 1612 2493 peritus
1638 2447 1876 2492 gubernandi¹

601 2510 639 2540 et
657 2504 792 2551 peritus
812 2503 910 2550 legis,
928 2515 1003 2550 quo
1023 2503 1143 2540 nulius
1170 2503 1217 2540 sit
1239 2496 1399 2550 peritior,
1421 2509 1458 2540 et
1483 2503 1553 2539 hoc
1573 2504 1623 2540 sit
1644 2504 1875 2541 manifestum

601 2562 781 2598 omnibus.
832 2561 871 2598 Si
890 2567 1013 2598 autem
1032 2568 1119 2609 post
1145 2562 1216 2598 hoc
1243 2561 1530 2598 discordaverint
1556 2569 1598 2598 ut
1625 2561 1736 2598 assum
1760 2562 1876 2598 velint

604 2620 746 2665 eligere,
773 2619 850 2665 jam
885 2625 1110 2665 negaverunt
1144 2619 1279 2663 Deum,
1312 2625 1349 2655 et
1384 2619 1467 2654 ideo
1501 2619 1613 2655 debet
1646 2619 1876 2666 interponere

598 2676 735 2722 judicia
760 2676 797 2711 in
822 2676 905 2721 lege
928 2686 992 2712 sua
1014 2682 1054 2712 ut
1079 2676 1245 2723 quisquis
1269 2688 1310 2711 se
1332 2676 1514 2712 intrudere
1536 2676 1694 2712 voluerit
1709 2677 1876 2722 potentia

603 2733 661 2770 vel
679 2734 842 2780 pecunia,
859 2739 939 2770 tota
968 2734 1094 2770 civitas
1119 2734 1336 2770 unanimiter
1359 2733 1467 2770 irruat
1496 2733 1532 2769 in
1554 2745 1638 2770 eum
1661 2740 1698 2770 et
1720 2734 1876 2771 occidat.

605 2791 716 2837 Quod
732 2791 761 2825 si
779 2791 966 2837 potuerint
990 2791 1110 2826 facere
1134 2797 1170 2826 et
1199 2802 1270 2826 non
1296 2791 1456 2835 fecerint,
1470 2791 1545 2836 jam
1570 2791 1876 2826 contradixerunt

605 2848 697 2894 Deo,
724 2860 789 2884 nec
815 2855 870 2884 est
897 2860 977 2884 reus
1001 2848 1188 2895 sanguinis
1216 2848 1279 2894 qui
1314 2847 1534 2884 interfecerit
1567 2847 1789 2894 hujusmodi,
1824 2848 1876 2884 ita

1000 2943 1008 2959 ¹
1030 2943 1161 2971 omnibus
1173 2943 1339 2976 rationibus.
1354 2942 1390 2972 Ο,
1405 2947 1434 2971 et
1447 2943 1482 2970 D.
