2350 3580
790 720 919 755 PARS
944 721 1191 756 SECUNDA:
1231 721 1330 756 CAP.
1355 721 1401 756 Χ.
1665 730 1735 766 499

460 814 672 859 pyramides
703 821 790 852 sunt
818 815 1010 863 longiores,
1037 828 1193 865 quarum
1223 817 1387 853 omnium
1420 817 1521 853 διεὶς
1554 826 1627 851 una
1663 818 1732 856 eet,

459 870 600 907 scilieet
616 871 752 909 chorda
771 875 868 911 illius
885 876 1072 922 portionis,
1092 880 1133 911 ut
1148 880 1253 922 patet
1270 877 1308 911 in
1323 875 1442 922 figura
1458 885 1525 922 per
1547 873 1730 910 decimam

461 939 599 966 nonam
617 930 715 968 tertii
733 931 1023 979 Elementorum,
1039 945 1137 980 quae
1151 933 1317 980 pyramis
1344 932 1509 968 maxime
1528 937 1585 968 eet
1601 929 1733 971 activa,

460 991 500 1022 et
535 995 676 1033 quanto
708 989 888 1037 longiore·
921 996 1030 1028 tanto
1066 991 1189 1028 minus
1220 996 1347 1039 agunt,
1376 996 1419 1027 ut
1453 993 1663 1037 exponetur
1694 991 1733 1022 et

458 1045 677 1090 probabitur
701 1047 861 1084 inferius.

510 1101 582 1138 His
605 1105 752 1150 habitis,
768 1109 949 1153 optimum
974 1113 1032 1144 est
1057 1108 1296 1150 considerare,
1314 1108 1414 1153 quod
1441 1106 1527 1143 licet
1550 1102 1734 1152 quaelibet

458 1161 601 1204 agentia
617 1173 702 1210 pars
719 1170 806 1201 nata
822 1170 879 1202 est
896 1165 1140 1212 multiplicare
1154 1177 1196 1201 ae
1216 1164 1416 1212 sphaeriee,
1431 1169 1558 1201 tamen
1581 1162 1629 1199 ab
1652 1160 1733 1197 aliis

461 1218 628 1262 partibus
670 1226 708 1257 et
749 1222 992 1260 exterioribus
1038 1222 1240 1260 obstaculis
1283 1223 1410 1270 recipit
1457 1221 1733 1269 impedimenta·

463 1272 646 1319 Quoniam
669 1283 796 1315 tamen
821 1280 857 1316 in
883 1281 1082 1328 sphaericis
1105 1281 1322 1327 corporibus
1345 1286 1403 1315 est
1428 1279 1734 1326 impedimentum

462 1332 628 1376 regulare
648 1341 686 1372 et
706 1339 926 1382 naturaliter,
942 1345 981 1374 et
1003 1339 1275 1387 haec'corpora
1301 1337 1465 1374 maxime
1489 1334 1734 1382 multiplicant

461 1389 617 1427 virtutes
634 1393 670 1428 in
688 1394 760 1430 hoc
777 1395 923 1436 mundo,
941 1402 982 1432 ut
1003 1395 1143 1439 stellae,
1161 1402 1201 1433 et
1225 1395 1387 1431 maxime
1406 1395 1574 1441 judicant
1594 1393 1641 1428 de
1656 1391 1734 1432 ,hac

463 1446 767 1496 multiplicatione
790 1453 827 1488 in
850 1454 1021 1489 omnibus
1048 1465 1167 1489 rerum
1196 1453 1425 1494 differentiis,
1448 1458 1490 1487 ut
1518 1450 1625 1493 oculi,
1647 1449 1735 1485 ideo

458 1504 599 1551 iustum
624 1514 681 1545 est
706 1510 741 1545 iu
768 1510 826 1546 his
849 1511 972 1546 videre
997 1518 1175 1557 quantum
1203 1511 1392 1557 contingat
1418 1506 1672 1556 impedImenti
1696 1512 1734 1542 et

461 1570 642 1608 quantum
676 1577 759 1608 non.
786 1573 828 1604 ut
861 1569 968 1605 nobis
999 1569 1265 1605 determinetur
1292 1567 1549 1615 multiplicatio
1581 1566 1734 1602 istorum

461 1631 655 1668 corporum
680 1625 868 1662 nobilium.

513 1681 565 1717 Et
580 1682 668 1717 satis
687 1684 943 1721 convenienter
963 1685 1183 1722 determinat
1199 1684 1361 1730 Jacobus
1377 1682 1528 1718 Alkindi
1544 1681 1732 1716 veritatem
1746 1685 1869 1751 ωίγπε

462 1736 573 1784 huJus
588 1739 650 1781 rei.
666 1741 790 1776 dicens
807 1742 907 1787 quod
924 1742 972 1776 ab
988 1743 1090 1777 omni
1107 1746 1248 1787 puncto
1265 1741 1430 1787 corporis
1452 1737 1629 1785 sphaerici
1647 1747 1734 1772 con·
1747 1758 1828 1787 m
1839 1731 1919 1787 ,ζα

461 1797 557 1833 vexi.
574 1800 615 1832 ut
630 1797 725 1834 oculi
747 1797 806 1833 vel
828 1797 967 1838 stellae.
982 1799 1083 1834 venit
1104 1798 1242 1845 species
1267 1798 1412 1833 radiosa
1434 1796 1481 1831 ad
1504 1795 1627 1831 omnia
1653 1794 1734 1829 loca
1748 1794 1841 1858 roffi}
1852 1799 1884 1823 to

463 1854 584 1897 medii,
607 1855 655 1890 ad
686 1866 783 1900 quae
815 1864 837 1890 a
868 1855 1032 1901 quolibet
1065 1860 1202 1903 puncto
1235 1856 1325 1891 dato
1359 1855 1394 1889 in
1423 1857 1556 1900 agente
1583 1861 1734 1898 corpore
1747 1866 1865 1929 mg„

463 1912 642 1958 contingit
666 1913 750 1948 duci
776 1913 907 1948 lineam
932 1918 1079 1955 rectam,
1097 1918 1133 1949 et
1158 1912 1276 1948 solum
1301 1912 1347 1947 ad
1374 1911 1436 1947 ina
1465 1909 1574 1945 medii
1598 1914 1734 1955 puncta
1747 1901 1887 1966 ζῗηῖζ

462 1969 513 2005 ad
543 1979 639 2015 quae
671 1969 788 2006 lineae
818 1976 938 2007 rectae
970 1976 1123 2017 possunt
1155 1982 1176 2005 a
1213 1976 1354 2016 puncto
1384 1967 1527 2014 agentis
1556 1965 1875 2014 sphaericifmmthe

462 2030 501 2061 et
524 2027 680 2062 convexi
706 2027 848 2063 deduci.
917 2028 1028 2074 Quod
1054 2034 1176 2063 autem
1204 2027 1320 2062 virtus
1343 2026 1567 2061 extendatur
1589 2024 1733 2059 radiosa
1745 2019 1847 2076 :⁴2:³53
1856 2011 1887 2038 ⁰¹

462 2095 573 2130 super
588 2083 701 2120 lineas
719 2090 835 2121 rectas
852 2087 899 2121 ad
916 2087 997 2120 loca
1014 2087 1137 2128 medii,
1150 2085 1230 2130 jam

462 2146 649 2178 ostensum
675 2149 731 2178 est
755 2144 954 2178 secundum
978 2142 1094 2189 ipsum
1119 2148 1154 2178 et
1172 2155 1232 2178 se·
1300 2167 1307 2171 -

463 2199 624 2235 cundum
657 2199 750 2236 alios
786 2206 954 2236 auctores
990 2199 1232 2247 Aspectuum.

464 2256 539 2292 Sed
556 2257 655 2302 quod
675 2268 747 2292 non
766 2257 879 2305 possit
897 2259 943 2292 ad
961 2258 1032 2293 alia
1052 2258 1130 2292 loca
1150 2269 1232 2302 per-

461 2314 604 2360 tingere
627 2314 767 2360 species
792 2315 932 2350 radiosa
961 2327 1072 2360 quam
1097 2316 1143 2350 ad
1170 2315 1233 2350 illa

462 2371 510 2408 ad
545 2382 641 2418 quae
665 2383 687 2408 a
719 2376 857 2418 puncto
890 2378 1021 2418 agente
1054 2372 1234 2408 ducantur
1267 2387 1290 2420 y

462 2428 583 2464 lineae
597 2434 731 2472 rectae,
742 2429 815 2464 hoc
830 2430 991 2464 ostendit
1003 2440 1069 2475 per
1084 2435 1232 2464 sextam

462 2484 644 2521 decimam
667 2487 766 2522 tertii
790 2487 1077 2530 Elementorum,
1093 2497 1234 2533 ponens

462 2543 677 2589 exemplum
701 2543 739 2579 in
765 2544 930 2579 terminis
954 2550 992 2580 et
1017 2544 1134 2592 figura
1170 2544 1232 2580 sic.

464 2598 609 2646 Corpus
637 2601 864 2646 sphaericum
895 2612 1100 2638 convexum
1130 2601 1265 2637 faciens
1296 2601 1467 2635 virtutem
1496 2604 1534 2635 et
1563 2598 1732 2644 speciem,

463 2661 506 2693 ut
530 2658 638 2694 stella
661 2658 719 2693 vel
752 2658 888 2701 oculus,
922 2660 970 2694 sit
994 2671 1019 2694 a
1051 2659 1083 2702 b,
1108 2664 1143 2694 et
1179 2659 1274 2693 linea
1308 2658 1521 2702 contingens
1553 2657 1672 2702 ipsum
1697 2655 1733 2690 in

464 2721 603 2760 puncto
624 2726 649 2751 a
669 2715 719 2751 sit
737 2715 823 2761 ,μή
857 2726 990 2762 corpus
1014 2715 1294 2752 illuminandum
1331 2715 1379 2750 sit
1409 2725 1491 2757 en;
1515 2724 1619 2749 arcus
1647 2722 1734 2748 vero

464 2771 561 2806 illius
589 2773 751 2818 eorporis
783 2774 846 2817 qui
875 2779 1019 2809 secatur
1048 2785 1068 2809 a
1100 2773 1194 2809 linea
1221 2772 1292 2818 gd
1314 2772 1362 2806 sit
1391 2771 1470 2814 lus;
1494 2771 1583 2806 dicit
1615 2771 1734 2816 igitur,

464 2829 565 2874 quod
587 2830 635 2865 ab
655 2841 680 2864 a
701 2835 839 2876 puncto
860 2830 1032 2876 possibile
1052 2836 1108 2865 est
1132 2830 1214 2865 duci
1240 2830 1352 2864 lineas
1374 2834 1491 2864 rectas
1513 2828 1559 2862 ad
1585 2837 1733 2862 omnem

465 2892 641 2932 punctum
658 2886 695 2922 in
721 2898 808 2923 arcu
830 2886 897 2930 sk,
914 2892 951 2923 et
970 2893 1072 2934 patet
1090 2899 1154 2934 per
1172 2886 1411 2932 petitionem;
1436 2885 1498 2921 sed
1524 2884 1572 2920 ad
1595 2888 1734 2928 puncta

465 2943 503 2978 in
537 2944 696 2980 artubus
720 2955 775 2979 ee
801 2951 839 2980 et
868 2944 928 2980 nh
959 2956 1031 2980 non
1060 2948 1117 2979 est
1149 2943 1323 2991 possibile
1354 2943 1468 2978 lineas
1502 2946 1618 2977 rectas
1650 2941 1734 2977 duci

1435 2517 1502 2544 Fre.
1516 2523 1561 2551 93.

467 3026 643 3053 ”erup-n
