2350 3580
593 518 662 553 454
888 508 989 541 MUL
994 506 1177 541 TIPLICA
1185 507 1262 540 TIO
1288 506 1571 540 SPECIERUM.

594 599 694 645 quod
709 597 758 634 sit
774 597 945 645 aptitudo
963 609 985 633 a
1003 603 1107 644 parte
1122 609 1189 633 sua
1212 602 1252 632 ut
1277 597 1493 644 produceret
1514 596 1696 632 effectum
1722 595 1881 643 comple-

594 662 686 700 tum,
702 660 739 702 et
761 655 930 702 aptitudo
954 660 1010 691 est
1034 667 1057 691 a
1082 661 1187 702 parte
1211 655 1385 690 materiae
1409 654 1548 695 mundi,
1571 664 1675 701 quae
1699 659 1763 690 est
1788 665 1880 690 com-

597 714 719 749 munis
747 712 926 758 spirituali
951 717 989 748 et
1015 711 1196 758 corporali
1224 706 1337 757 atque
1364 711 1512 747 coelesti
1542 716 1580 747 et
1610 722 1689 747 non
1720 711 1881 747 coelesti.

597 770 678 806 Nec
704 770 829 805 obstat
854 770 954 816 quod
983 775 1071 805 tunc
1099 769 1222 815 aliqua
1251 768 1452 816 spiritualia
1481 774 1518 804 et
1547 767 1733 804 coelestia
1763 773 1880 814 essent

594 833 770 873 generata
803 832 840 862 et
869 826 942 862 alia
975 832 1109 868 creata,
1141 826 1314 873 quoniam
1347 826 1379 861 si
1413 824 1569 861 Creator
1592 831 1747 862 crearet
1773 826 1881 862 modo

594 896 707 921 unum
749 884 947 927 hominem,
979 890 1018 920 et
1055 883 1148 920 alius
1187 888 1422 929 generaretur
1455 895 1520 929 per
1556 883 1883 930 propagationem,

597 943 729 978 modus
746 942 805 977 hic
821 934 985 978 div'ersus
1002 942 1162 978 exeundi
1181 942 1217 976 in
1234 952 1314 977 esse
1331 952 1405 976 non
1420 941 1687 977 diversificaret
1698 942 1881 988 speciem3

597 1000 715 1046 prima
741 1000 838 1035 enim
869 999 1054 1035 individua
1079 998 1292 1034 animalium
1321 1004 1359 1034 et
1388 998 1598 1044 plantarum
1631 1010 1709 1035 non
1738 999 1882 1034 suerunt

596 1062 781 1104 generata,
797 1056 862 1093 sed
888 1057 945 1093 vel
971 1062 1093 1093 creata
1116 1056 1175 1092 vel
1201 1056 1394 1103 plasmata.
1445 1056 1495 1092 Et
1515 1057 1758 1092 substantiae
1780 1057 1882 1103 spiri·

598 1114 716 1150 tuales
744 1119 783 1149 et
809 1114 987 1150 coelestes
1019 1119 1215 1160 generatae
1253 1125 1328 1149 non
1362 1118 1484 1149 essent
1517 1114 1797 1160 corruptibiles,
1822 1113 1882 1149 sed

598 1172 892 1218 incorruptibiles
930 1172 1024 1207 sicut
1060 1172 1165 1215 aliae,
1199 1172 1288 1217 quia
1318 1171 1418 1206 nulla
1451 1172 1566 1207 virtus
1597 1171 1726 1208 activa
1761 1177 1883 1208 crata

597 1229 750 1265 haberet
780 1240 888 1275 posse
917 1240 1028 1275 super
1053 1239 1177 1265 earum
1209 1229 1492 1275 corruptionem,
1524 1239 1593 1265 nec
1618 1239 1793 1275 unquam
1822 1229 1884 1265 de-

598 1286 747 1322 ficerent
764 1287 800 1322 in
817 1298 868 1322 se.
913 1286 1067 1333 Propter
1082 1286 1183 1332 quod
1201 1297 1322 1321 sermo
1338 1285 1408 1328 ille,
1424 1286 1525 1331 quod
1539 1297 1653 1322 omne
1669 1287 1885 1334 generabile

599 1349 656 1380 est
676 1343 919 1390 corruptibile,
940 1344 1135 1380 arctandus
1159 1350 1216 1379 est
1240 1344 1288 1379 ad
1312 1354 1357 1379 ea
1381 1354 1477 1390 quae
1500 1343 1697 1380 actualiter
1722 1355 1824 1380 nunc
1848 1344 1883 1380 in

600 1401 740 1437 mundo
773 1401 928 1436 subsunt
957 1401 1195 1447 generationi,
1220 1412 1294 1436 non
1323 1401 1372 1437 ad
1397 1401 1522 1437 omnia
1548 1411 1647 1447 quae
1675 1406 1771 1447 apta
1799 1408 1883 1437 nau

598 1464 683 1495 sunt
715 1459 889 1505 generari,
914 1469 1011 1505 quae
1038 1459 1125 1505 quia
1152 1458 1272 1494 solum
1302 1459 1547 1506 aptitudinem
1576 1458 1719 1495 habent
1743 1464 1786 1495 et
1813 1471 1883 1495 non

598 1516 804 1563 potentiam
823 1526 890 1551 nec
906 1522 1042 1560 actum,
1061 1516 1144 1551 ideo
1161 1526 1235 1551 non
1252 1521 1515 1562 computantur
1539 1516 1634 1552 inter
1652 1517 1883 1564 generabilia

598 1575 645 1610 de
662 1573 793 1619 quibus
809 1573 993 1619 loquimur
1010 1574 1046 1610 in
1062 1573 1132 1610 hoc
1150 1574 1300 1609 mundo.

650 1631 795 1666 Eodem
823 1631 934 1667 modo
963 1636 1021 1667 est
1049 1642 1115 1677 per
1146 1631 1272 1667 omnia
1296 1630 1344 1666 de
1368 1630 1449 1666 aliis
1473 1630 1658 1666 nobilibus
1682 1633 1883 1678 agentibus

601 1689 825 1736 comparatis
844 1689 893 1724 ad
917 1687 1143 1734 ignobiliora,
1160 1693 1202 1723 ut
1230 1689 1278 1724 de
1297 1688 1509 1724 hominibus
1531 1695 1703 1734 respectu
1727 1690 1883 1727 aliarum

601 1758 722 1782 rerum
763 1746 1025 1792 generabilium
1066 1752 1105 1782 et
1149 1747 1452 1792 corruptibilium.
1515 1746 1556 1783 Si
1598 1747 1698 1782 enim
1741 1749 1883 1794 species

601 1803 792 1840 hominum
822 1803 1091 1850 complerentur
1120 1803 1156 1839 in
1187 1805 1408 1850 patientibus
1433 1805 1657 1847 extrinsecis,
1683 1810 1774 1841 tunc
1800 1817 1883 1842 cae·

601 1867 702 1897 terae
727 1872 785 1897 res
810 1862 1085 1898 destruerentur
1112 1867 1150 1897 et
1183 1861 1389 1897 delerentur
1414 1862 1462 1897 de
1489 1862 1639 1904 mundo,
1664 1863 1770 1909 quod
1805 1863 1883 1900 fieri

602 1930 674 1955 non
699 1919 809 1955 debet
835 1929 883 1954 ex
909 1919 990 1965 lege
1015 1925 1167 1955 naturae
1191 1919 1426 1963 universalis;
1454 1918 1538 1955 licet
1563 1931 1611 1959 ex
1638 1926 1774 1957 natura
1801 1934 1882 1969 par·

600 1977 740 2013 ticulari
777 1977 939 2012 humana
977 1977 1024 2013 sit
1057 1978 1230 2023 aptitudo
1262 1977 1309 2013 ad
1344 1977 1554 2023 hujusmodi
1591 1977 1748 2014 effectus
1780 1991 1883 2015 com·

600 2034 757 2081 plendos
795 2038 947 2081 'propter
987 2035 1220 2071 nobilitatem
1253 2034 1333 2080 ejus
1371 2040 1536 2080 respectu
1569 2034 1724 2071 aliarum
1761 2048 1883 2073 rerum

601 2091 874 2138 generabilium.
926 2092 976 2128 Et
992 2093 1079 2139 quia
1096 2092 1267 2138 aptitudo
1285 2092 1458 2128 materiae
1475 2093 1680 2133 communis
1698 2094 1885 2131 invenitur

600 2149 665 2185 sed
683 2149 821 2185 utilitas
836 2150 949 2185 totius
967 2151 1095 2185 mundi
1113 2149 1325 2195 praefertur,
1343 2157 1380 2185 et
1401 2150 1513 2185 etiam
1538 2149 1696 2186 hominis
1723 2154 1886 2199 propria,

601 2207 687 2253 quia
704 2207 783 2243 sine
799 2207 879 2242 aliis
898 2209 1007 2243 rebus
1022 2208 1144 2243 vivere
1168 2214 1205 2243 et
1231 2218 1311 2243 esse
1338 2218 1411 2243 non
1434 2213 1569 2254 posset,
1586 2213 1739 2255 propter
1756 2211 1860 2256 quod
1873 2210 1884 2231 ¹

601 2275 675 2299 non
705 2265 899 2310 respondet
933 2264 1018 2300 huic
1047 2265 1244 2311 aptitudini
1273 2265 1442 2311 potentia
1468 2276 1535 2301 nec
1561 2271 1688 2309 actus;
1726 2273 1766 2303 et
1797 2268 1887 2305 ideo

601 2327 744 2357 arctata
769 2327 825 2357 est
851 2322 1041 2369 generatio
1067 2321 1228 2358 hominis
1255 2323 1304 2359 ad
1335 2323 1484 2359 modum
1513 2324 1770 2370 propagandi3
1811 2337 1886 2361 non

602 2380 723 2415 solum
741 2385 890 2426 propter
908 2380 998 2416 alias
1015 2391 1082 2421 res,
1101 2381 1166 2416 sed
1192 2386 1343 2426 propter
1368 2380 1468 2426 ipsos
1493 2381 1669 2425 homines,
1687 2392 1736 2417 ne
1758 2384 1887 2420 multi-

602 2437 823 2483 plicarentur
853 2437 936 2482 plus
959 2448 1069 2484 quam
1097 2444 1294 2485 oporteret.
1346 2438 1500 2485 Insuper
1525 2439 1605 2484 ipsa
1631 2450 1731 2475 mors
1756 2441 1887 2488 singu·

603 2494 719 2530 lorum
751 2495 950 2530 secundum
983 2501 1122 2531 statum
1153 2496 1355 2542 praesentis
1380 2497 1492 2538 vitae,
1518 2496 1722 2532 necessaria
1748 2504 1808 2533 est
1836 2510 1887 2535 ex

602 2551 683 2598 lege
713 2558 863 2588 naturae
892 2553 1115 2597 universalis,
1144 2559 1185 2588 ut
1214 2554 1304 2589 dicit
1330 2554 1523 2590 Avicenna
1552 2555 1716 2590 secundo
1754 2555 1888 2602 Physi-

602 2620 739 2653 corum,
760 2610 844 2646 licet
868 2616 997 2647 natura
1023 2611 1251 2658 particularis
1272 2611 1368 2647 illius
1392 2611 1450 2648 vel
1485 2612 1589 2647 istius
1616 2622 1688 2647 non
1721 2613 1886 2651 intendit

602 2669 884 2713 corruptionem,
903 2669 967 2704 sed
987 2669 1100 2705 vitam
1118 2674 1157 2704 et
1174 2669 1342 2706 salutem.

1102 2743 1110 2760 ¹
1130 2745 1215 2780 quod,
1232 2754 1287 2774 om.
1301 2745 1329 2779 J.
