2350 3580
443 1024 506 1052 'flue
517 1023 607 1052 vinnai

443 1068 513 1088 cone
524 1059 596 1088 from

443 1104 461 1124 ι
505 1095 570 1125 here

443 1140 488 1161 em

442 1168 497 1197 lens
508 1169 576 1197 than

443 1204 506 1233 half
513 1205 561 1234 the

626 494 695 541 498
928 495 970 529 M
971 495 1064 529 ULT
1058 493 1219 528 IPLICA
1223 494 1254 526 T
1248 493 1299 526 10
1325 491 1612 526 SPECIERUM.

627 585 746 622 tendit
762 585 810 621 ad
827 590 1003 621 centrum.
1045 583 1230 628 Similiter,
1243 582 1365 620 circuli
1382 581 1576 618 meridiani
1592 581 1737 617 diversi
1749 581 1915 616 videntur

626 650 707 680 esse
730 642 1026 690 aequidistantes,
1041 643 1114 678 sed·
1131 647 1255 684 tamen
1280 646 1499 677 concurrunt
1525 640 1565 675 in
1591 639 1694 685 polis
1722 639 1865 683 mundi,
1878 645 1912 675 et

628 702 680 737 sic
698 701 745 737 de
762 701 898 737 multis.
948 700 1011 737 Sic
1028 700 1138 747 igitur
1154 705 1209 736 est
1226 699 1297 735 hoc
1313 697 1605 744 intelligendum.

1105 851 1357 888 CAPrrULUM
1383 851 1432 886 Χ.

1045 938 1200 974 Habens
1216 943 1290 974 πω
1306 937 1489 973 veritates.

680 1015 731 1051 Et
756 1015 929 1062 quoniam
958 1015 1103 1050 bonitas
1132 1015 1388 1060 operationum
1416 1019 1570 1048 naturae
1601 1017 1660 1048 est
1694 1023 1766 1058 per
1796 1011 1916 1047 multi-

630 1073 844 1120 plicationes
876 1073 1063 1108 venientes
1101 1073 1138 1107 in
1178 1071 1296 1118 figura
1332 1069 1563 1118 pyramidali,
1598 1075 1642 1105 ut
1680 1075 1832 1105 tactum
1864 1074 1917 1104 est

628 1130 794 1177 superius
828 1135 867 1165 et
899 1129 1144 1178 explicabitur
1177 1129 1335 1170 inferius,
1363 1139 1518 1180 quarum
1553 1127 1805 1174 pyramidum
1839 1125 1915 1163 coni

629 1188 767 1224 cadunt
784 1188 820 1223 in
839 1193 963 1235 partes
982 1187 1200 1234 patientium
1225 1192 1263 1223 et
1278 1187 1386 1223 bases
1408 1190 1493 1221 sunt
1509 1185 1547 1220 in
1568 1185 1790 1232 agentibus,
1808 1190 1915 1230 atque

629 1245 819 1292 sphaerica
835 1256 998 1291 corpora,
1011 1250 1052 1281 ut
1064 1244 1205 1285 stellae,
1215 1244 1378 1280 maxime
1389 1244 1426 1279 in
1439 1244 1508 1279 hoc
1523 1242 1668 1278 mundo
1681 1248 1777 1279 sunt
1789 1242 1913 1283 activa,

629 1308 777 1349 oportet
816 1304 1043 1339 considerare
1079 1302 1423 1349 multiplicationem
1454 1292 1588 1347 speciei
1625 1299 1910 1346 pyramidalem,

629 1361 780 1406 quando
792 1360 903 1396 habet
914 1360 991 1396 fieri
1002 1371 1024 1396 a
1035 1359 1172 1396 talibus
1182 1359 1381 1406 sphaericis
1392 1359 1507 1395 dictis.
1543 1358 1593 1394 Et
1604 1362 1713 1404 patet
1721 1357 1804 1404 jam
1815 1357 1912 1404 origo

629 1419 867 1454 dicendorum
892 1429 957 1465 per
979 1418 1189 1454 vicesimam
1213 1416 1408 1464 quartam¹
1434 1416 1481 1452 de
1505 1416 1657 1457 visibus,
1683 1427 1788 1462 quae
1813 1415 1909 1457 dicit,

628 1476 728 1522 quod
746 1476 793 1511 de
809 1476 963 1522 sphaera
979 1475 1150 1518 cernitur,
1167 1475 1247 1520 ejus
1264 1474 1385 1510 medio
1411 1475 1533 1510 minus
1550 1479 1617 1509 est.
1673 1464 1909 1520 Impossibile

628 1534 778 1580 quidem
803 1539 859 1570 oet
878 1534 979 1579 quod
997 1532 1165 1569 diametri
1182 1532 1418 1578 sphaerarum
1442 1532 1514 1567 sint
1538 1531 1648 1582 bases
1668 1531 1904 1577 pyramidum

629 1591 822 1631 dictarum,
847 1591 935 1636 quia
971 1590 1088 1626 lineae
1124 1590 1378 1636 contingentes
1412 1589 1582 1625 diametri
1618 1589 1803 1624 terminos
1837 1598 1906 1623 non

629 1654 784 1694 possunt
807 1659 1031 1691 concurrere,
1047 1659 1092 1684 eo
1116 1649 1217 1694 quod
1244 1648 1457 1683 contineant
1479 1638 1635 1692 angulos
1653 1644 1780 1682 rectos
1803 1657 1907 1692 super

629 1705 712 1741 illos
736 1705 921 1747 terminos,
941 1711 983 1741 ut
1007 1709 1110 1751 patet
1136 1716 1202 1752 per
1225 1705 1408 1741 decimam
1433 1710 1579 1740 sextam
1603 1703 1703 1739 tertii
1731 1703 1905 1746 Euclidis,

629 1774 696 1799 nec
713 1768 866 1810 possunt
884 1762 999 1798 lineae
1016 1768 1136 1798 rectae
1153 1762 1382 1806 intercidere,
1400 1773 1465 1808 per
1484 1762 1639 1797 eandem
1650 1759 1676 1797 ².
1722 1760 1775 1796 Et
1793 1761 1905 1796 lineae

629 1826 807 1856 exeuntes
832 1832 855 1856 a
879 1820 1043 1856 terminis
1067 1820 1237 1856 diametri
1262 1826 1370 1856 extra
1396 1820 1508 1856 lineas
1533 1818 1811 1865 contingentiae
1836 1830 1904 1854 non

629 1883 783 1925 possunt
824 1870 1048 1922 concurrere,
1080 1878 1168 1924 quia
1215 1877 1352 1914 faciunt
1394 1876 1550 1924 angulos
1588 1876 1750 1922 majores
1792 1876 1905 1914 rectis.

628 1937 829 1972 secundum
863 1936 963 1982 quod
1004 1936 1140 1972 cadunt
1171 1947 1194 1971 a
1227 1936 1342 1972 stellis
1374 1936 1421 1970 ad
1462 1933 1604 1970 terram.
1657 1933 1710 1969 Et
1742 1934 1775 1969 si
1811 1934 1905 1969 basis

628 1994 828 2040 pyramidis
844 1993 1007 2029 cadentis
1025 1994 1062 2029 in
1078 1999 1213 2029 terram
1231 2004 1304 2030 non
1326 1993 1443 2040 possit
1466 2003 1545 2028 esse
1567 1992 1750 2028 diameter
1767 1991 1905 2033 stellae,

628 2062 702 2086 non
743 2051 878 2097 poterit
917 2051 1035 2087 multo
1073 2051 1189 2098 magis
1227 2062 1310 2087 esse
1348 2051 1487 2086 chorda
1527 2048 1673 2094 majoris
1716 2050 1904 2095 portionis.

628 2107 864 2155 Quapropter
888 2114 1037 2154 oportet
1061 2109 1160 2154 quod
1191 2109 1237 2145 sit
1270 2108 1407 2144 chorda
1437 2107 1585 2143 minoris
1613 2107 1807 2152 portionis.
1857 2107 1905 2142 Et

626 2166 713 2211 quia
731 2177 865 2212 magna
882 2166 1085 2202 differentia
1103 2171 1159 2202 est
1181 2166 1333 2202 actionis
1354 2176 1468 2211 penes
1490 2164 1703 2210 pyramides
1721 2164 1905 2200 breviores

627 2229 664 2259 et
694 2223 888 2270 longiores,
915 2229 957 2260 ut
989 2224 1144 2270 patebit,
1181 2224 1264 2259 ideo
1297 2221 1565 2259 consideranda
1598 2228 1654 2257 est
1691 2221 1904 2259 differentia

628 2280 943 2327 multiplicationis
972 2282 1172 2327 pyramidis
1201 2281 1377 2327 longiotis
1408 2285 1447 2316 et
1476 2279 1663 2315 brevioris.
1715 2280 1768 2316 Et
1804 2285 1905 2327 patet

628 2337 812 2384 figuranti,
829 2339 929 2384 quod
947 2339 1108 2385 pyramis
1124 2339 1346 2379 brevissima,
1364 2349 1460 2384 quae
1475 2338 1598 2374 veniat
1618 2348 1641 2372 a
1663 2341 1746 2374 tota
1768 2338 1906 2374 chorda

628 2396 778 2431 minoris
803 2396 991 2442 portionis,
1017 2401 1073 2432 est
1099 2396 1160 2431 illa
1185 2396 1290 2442 cujus
1317 2396 1433 2431 lineae
1459 2395 1627 2431 laterales
1651 2400 1739 2431 sunt
1764 2395 1905 2431 contin-

627 2457 757 2498 gentes
781 2452 974 2500 sphaeram
1002 2453 1037 2488 in
1063 2454 1227 2490 terminis
1254 2454 1348 2489 illius
1373 2453 1542 2497 chordae,
1567 2463 1633 2488 nec
1659 2458 1787 2488 tamen
1818 2464 1904 2488 con-

626 2511 773 2556 tingunt
790 2521 871 2546 eam
898 2517 1050 2556 propter
1068 2512 1245 2547 terminos
1269 2511 1430 2547 chordae
1443 2525 1454 2553 ;
1479 2511 1545 2546 sed
1571 2511 1660 2556 quia
1680 2510 1733 2545 illi
1757 2510 1904 2546 termini

626 2574 714 2603 sunt
731 2568 873 2603 termini
891 2569 1150 2605 diametrorum
1169 2570 1337 2612 duorum,
1354 2574 1394 2605 ut
1421 2573 1534 2614 patet.
1577 2567 1629 2603 Et
1653 2579 1783 2603 omnes
1808 2567 1905 2603 aliae

662 2651 672 2668 ²
690 2652 762 2679 ‘this
775 2653 952 2687 proposition
966 2653 1052 2681 forms
1065 2657 1129 2688 part
1141 2653 1175 2681 of
1183 2653 1233 2681 the
1246 2653 1443 2688 twenty-third
1456 2652 1489 2679 of
1499 2651 1623 2679 Euclid's
1642 2651 1748 2687 Optim-
1787 2652 1905 2687 Σφαῖρος

623 2695 832 2729 ὁπωσδηποτοῦν
846 2696 978 2731 ὁρωμένην
991 2695 1042 2723 ιιι)
1054 2696 1113 2724 inlr
1125 2696 1244 2731 ὄμματος
1255 2696 1376 2724 ἔλασσον
1387 2695 1429 2723 dd
1442 2694 1614 2731 ἡμισφαιρίου
1625 2694 1760 2731 ψαῦσαι.

661 2738 673 2756 ²
690 2739 817 2767 incidere
829 2739 859 2766 in
872 2740 1002 2774 eandem,
1014 2740 1054 2776 J.‚
1068 2740 1240 2769 intercidere
1253 2748 1316 2776 per,
1330 2740 1404 2774 neg.
