2350 3580
605 697 670 733 118
866 696 1038 730 OPERIS
1065 694 1272 735 MAJORIS
1298 695 1426 728 PARS
1452 692 1642 737 QUINTA.

602 798 685 824 esse
724 786 832 822 iuriae
872 791 1008 829 motus,
1043 791 1081 821 et
1122 786 1258 821 accidit
1299 796 1399 822 error
1439 777 1527 821 Iste'
1548 795 1599 820 ex
1634 784 1890 831 intemperata

604 841 852 888 longitudine:
879 852 963 877 nam
990 852 1040 877 ex
1065 845 1272 887 temperata
1298 851 1370 876 non
1394 839 1438 876 fit
1462 840 1524 876 ita.
1574 839 1686 877 Unde
1706 839 1889 876 baculum

604 900 719 936 fixum
748 900 783 935 in
815 909 910 944 aqua
936 899 1103 935 videmus
1130 909 1276 944 semper
1304 898 1501 943 quiescere,
1527 903 1566 935 et
1595 901 1736 933 motum
1763 906 1890 943 aquae

604 957 826 992 transeuntis
858 956 1090 1003 percipimus.
1148 955 1301 991 Accidit
1329 962 1454 991 autern
1481 966 1581 991 error
1607 955 1820 1001 praedictus
1848 954 1890 990 in

605 1020 709 1050 motu
737 1013 845 1050 lunae
868 1025 952 1050 cum
975 1013 1091 1049 nubes
1114 1012 1248 1062 suerint
1270 1012 1410 1048 multae
1427 1017 1466 1048 et
1487 1012 1689 1053 continuae,
1705 1011 1889 1058 quoniam

604 1082 679 1107 non
701 1071 1020 1118 comprehenditur
1043 1077 1168 1106 motus
1194 1070 1263 1106 nisi
1292 1081 1360 1117 per
1383 1070 1628 1107 accessionem
1654 1068 1810 1115 aiicujus
1837 1069 1890 1105 ad

606 1129 707 1164 aliud
726 1128 781 1164 vel
799 1139 990 1164 recessum.
1041 1127 1137 1163 cum
1154 1133 1281 1163 autem
1299 1128 1464 1173 paucitas
1481 1132 1518 1163 et
1535 1127 1732 1163 diminutio
1747 1126 1893 1163 fuerint

607 1186 759 1222 nubium
801 1190 932 1227 motus,
977 1197 1171 1230 possumus
1212 1185 1417 1221 discernere
1457 1190 1601 1221 motum
1642 1194 1768 1220 amm
1820 1194 1895 1231 per

607 1253 792 1280 accessum
810 1243 859 1279 ad
877 1243 1031 1279 invicem
1050 1248 1087 1279 et
1103 1243 1150 1276 ad
1170 1241 1314 1279 stellam
1332 1253 1396 1289 per
1413 1253 1605 1280 recessum.
1654 1241 1706 1277 Et
1722 1241 1810 1278 ideo
1823 1251 1896 1289 per

607 1301 830 1336 contrarium
863 1311 946 1335 cum
979 1300 1121 1335 coelum
1155 1299 1263 1335 fuerit
1296 1301 1456 1336 nubibus
1481 1306 1707 1346 coopertum,
1735 1304 1896 1347 propter

610 1359 921 1393 continuationem
937 1369 1063 1392 earum
1081 1364 1119 1392 et
1129 1356 1403 1393 multitudinem
1419 1368 1490 1393 non
1503 1356 1729 1394 decemimus
1743 1361 1895 1393 monam

609 1415 646 1451 in
679 1415 756 1459 eis;
790 1421 828 1451 et
850 1420 977 1450 tamen
1012 1415 1139 1451 lunam
1172 1415 1342 1451 videmus
1376 1415 1515 1451 moveri
1551 1409 1655 1451 motu
1690 1414 1897 1460 celerrimo,

608 1479 759 1521 propter
787 1473 859 1508 hoc
883 1473 983 1520 quod
1017 1473 1214 1520 pertransit
1239 1473 1413 1509 velociter
1435 1479 1558 1520 partes
1583 1473 1745 1509 diversas
1772 1471 1896 1515 nubis,

609 1536 688 1566 tum
715 1535 863 1576 propter
890 1536 1032 1566 motum
1057 1531 1245 1576 proprium
1270 1536 1351 1566 tum
1377 1536 1529 1577 propter*
1554 1535 1694 1566 motum
1719 1530 1895 1566 nubium.

611 1587 663 1623 Et
687 1588 837 1633 quando
863 1587 990 1624 videns
1012 1587 1115 1623 vadit
1138 1588 1174 1622 in
1201 1593 1343 1634 partem
1367 1589 1403 1624 in
1427 1599 1501 1634 qua
1527 1594 1583 1624 est
1604 1587 1692 1624 luna
1713 1587 1772 1623 vel
1796 1588 1897 1623 aliae

610 1645 748 1687 stellae.
764 1645 910 1682 videtur
926 1645 959 1681 ei
977 1646 1077 1690 quod
1097 1645 1228 1681 stellae
1243 1652 1458 1682 moveantur
1474 1651 1563 1682 ante
1582 1655 1623 1682 se
1638 1645 1675 1681 in
1691 1650 1839 1690 partem
1855 1645 1897 1681 iu

610 1714 721 1748 quam
738 1702 863 1746 vadit;
886 1703 1061 1748 quoniam
1083 1703 1120 1737 in
1142 1703 1217 1738 fine
1239 1708 1361 1738 motus
1379 1703 1434 1738 sui
1450 1703 1605 1738 eandem
1623 1703 1838 1738 distantiam
1856 1707 1898 1738 et

610 1761 768 1796 eundem
786 1761 897 1796 situm
910 1761 1054 1805 judicat
1070 1771 1112 1795 se
1128 1760 1272 1804 habere,
1290 1761 1383 1796 sicut
1401 1761 1436 1796 in
1454 1757 1629 1807 principio
1654 1764 1788 1796 motus.
1841 1759 1898 1796 Et

613 1818 697 1864 quia
713 1817 775 1860 sic,
792 1817 977 1853 concludit
992 1817 1108 1867 virtus
1132 1817 1342 1854 distinctiva
1363 1818 1546 1854 mediante
1562 1819 1652 1863 visu,
1667 1817 1766 1865 quod
1785 1817 1898 1854 stella

614 1877 803 1908 moveatur
832 1878 917 1908 ante
943 1873 1072 1908 faciem
1093 1873 1252 1908 videntis
1274 1873 1311 1908 in
1336 1878 1478 1918 partem
1505 1874 1552 1908 ad
1581 1884 1693 1918 quam
1723 1878 1901 1908 movetur

614 1928 741 1964 videns
755 1939 764 1971 ;
800 1934 838 1964 ct
870 1928 1039 1964 similiter
1072 1927 1103 1963 si
1134 1927 1252 1974 fugiat
1281 1928 1410 1964 videns
1439 1928 1476 1964 in
1503 1935 1645 1974 partem
1672 1928 1898 1964 contrar'um

613 1986 797 2022 videbitur
819 1986 852 2020 ei
877 1986 977 2031 quod
1003 1985 1110 2020 stella
1137 1991 1322 2030 sequatur.
1372 1985 1476 2020 Sicut
1501 1986 1531 2020 si
1555 1986 1688 2022 viderit
1706 1985 1901 2021 hominem

613 2048 699 2078 ante
723 2054 761 2078 se
783 2043 846 2087 qui
863 2053 1008 2089 semper
1031 2043 1165 2078 habeat
1194 2043 1352 2078 eundem
1379 2043 1490 2078 situm
1516 2044 1565 2078 ad
1587 2044 1719 2089 ipsum,
1745 2054 1900 2079 necesse

615 2106 672 2136 est
690 2100 790 2146 quod
812 2099 957 2145 aequali
981 2106 1084 2136 motu
1110 2105 1325 2136 moveantur
1346 2101 1382 2136 in
1399 2106 1543 2147 partem
1555 2101 1729 2142 tandem,
1746 2105 1787 2136 et
1810 2100 1900 2136 ideo

615 2158 786 2195 aestimat
800 2158 930 2192 videns
956 2158 1054 2205 quod
1077 2157 1205 2193 stellae
1230 2164 1446 2193 moveantur
1466 2159 1503 2193 in
1527 2163 1670 2206 partem
1695 2168 1814 2201 suam,
1833 2162 1903 2194 aut

617 2215 850 2262 procedendo
868 2221 932 2251 aut
948 2216 1219 2260 subsequendo.
1270 2216 1368 2250 Nam
1385 2216 1478 2252 situs
1490 2215 1570 2261 ejus
1584 2221 1749 2262 respectu
1765 2215 1904 2252 stellae

617 2277 797 2318 quantum
815 2272 861 2308 ad
876 2272 1054 2318 judicium
1074 2272 1170 2307 visus
1190 2277 1245 2308 cst
1261 2272 1372 2308 idem.

666 2330 718 2365 Et
745 2341 855 2365 causa
883 2330 992 2376 hujus
1020 2336 1077 2364 est
1105 2330 1281 2365 distantia
1310 2331 1553 2367 immoderata
1582 2331 1678 2367 inter
1706 2331 1830 2378 ipsum
1859 2337 1903 2368 et

617 2387 770 2430 stellam,
803 2393 952 2433 propter
986 2399 1097 2433 quam
1132 2399 1205 2422 non
1239 2388 1394 2434 percipit
1433 2399 1473 2423 se
1511 2399 1576 2434 per
1612 2394 1755 2424 motum
1787 2399 1903 2424 suum

617 2444 777 2491 elongari
803 2444 859 2480 vel
882 2447 1179 2492 appropinquare
1199 2447 1340 2489 stenae,
1361 2451 1398 2482 ct
1425 2447 1510 2481 ideo
1532 2447 1675 2492 judioet
1698 2457 1739 2482 se
1759 2447 1905 2482 habere

618 2513 764 2548 semper
780 2503 892 2538 situm
906 2503 1077 2539 eundem.
1128 2502 1180 2539 Et
1196 2503 1327 2539 eodem
1348 2504 1461 2539 modo
1476 2503 1618 2546 accidit,
1629 2503 1729 2550 quod
1746 2504 1906 2550 quando

618 2560 674 2595 sol
701 2564 757 2595 est
784 2560 819 2595 in
845 2560 997 2595 meridie
1021 2566 1059 2595 et
1084 2560 1199 2595 horno
1219 2561 1321 2596 vadit
1346 2561 1394 2596 ad
1421 2561 1550 2603 oriens„
1578 2572 1724 2607 semper
1750 2561 1907 2598 videtur

617 2617 718 2662 quod
743 2617 800 2653 sol
823 2618 870 2652 sit
899 2618 934 2652 in
961 2617 1041 2662 ejus
1065 2618 1229 2662 directo;
1262 2623 1300 2654 et
1327 2619 1359 2653 si
1388 2618 1507 2664 plures
1536 2617 1703 2654 homines
1731 2624 1834 2655 stent
1862 2620 1905 2655 in

619 2675 750 2710 eadem
778 2674 872 2710 linea
901 2675 997 2711 inter
1026 2675 1143 2710 oriens
1174 2681 1211 2711 et
1239 2675 1421 2719 occidens,
1447 2675 1532 2711 iicet
1562 2676 1717 2711 multum
1747 2677 1907 2721 distent,

621 2738 744 2766 tamen
761 2732 815 2766 soi
832 2737 986 2778 apparet
1003 2733 1039 2768 in
1057 2733 1199 2769 directo
1214 2732 1410 2778 cujuslibet
1427 2744 1563 2770 eorum.
1614 2733 1665 2769 Et
1683 2733 1752 2770 hoc
1768 2744 1905 2771 verum

620 2794 677 2824 est
706 2794 855 2835 propter
877 2789 1154 2825 immoderatam
1183 2791 1394 2826 distantiam
1421 2795 1458 2826 et
1483 2791 1570 2826 solis
1596 2791 1906 2837 magnitudinem.

622 2845 672 2881 Et
706 2846 857 2882 umbrae
890 2846 1034 2882 illorum
1074 2847 1268 2883 hominum
1301 2847 1472 2884 videntur
1505 2847 1824 2893 aequidistantes;
1864 2855 1907 2886 et

621 2902 788 2939 similiter
815 2904 906 2939 radii
930 2904 1017 2940 solis
1039 2906 1223 2940 venientes
1245 2906 1292 2941 ad
1316 2917 1381 2941 cos
1404 2905 1576 2941 videntur
1598 2905 1910 2953 aequidistantoe,
