2350 3580
576 740 943 775 PERSPEfflVAE
966 740 1097 774 PARS
1121 739 1346 774 SECUNDA
1360 750 1374 772 .·
1408 739 1531 772 0151:
1548 739 1618 772 111.
1677 746 1737 772 xu

465 829 1743 877 appnmviaiiinomnidimntiaetideonihiloecuimdument

465 888 504 923 in
516 888 593 929 eis3
620 893 772 936 propter
786 888 889 936 quod
902 899 1051 936 semper
1062 895 1244 935 apparent
1261 888 1299 923 in
1314 899 1380 924 sua
1395 887 1687 924 circumferentia
1702 891 1742 922 et

463 946 708 987 circulatione,
731 946 827 982 sicut
852 958 920 982 nos
942 947 1164 993 percipimus
1187 947 1236 982 de
1259 946 1354 982 linea
1376 945 1542 982 circulari
1564 956 1662 992 quae
1683 950 1743 981 est

465 1003 750 1040 circumferentia
767 1003 864 1040 basis
880 1004 1084 1051 pyramidis
1098 1003 1258 1041 visualis.
1309 1003 1379 1040 1112
1395 1004 1494 1040 enim
1518 1008 1577 1040 est
1596 1013 1670 1039 una
1693 1001 1743 1038 de

466 1061 797 1107 aequidistantibus
832 1062 923 1106 istis,
946 1067 985 1098 et
1019 1061 1138 1108 major
1169 1062 1267 1098 inter
1296 1072 1426 1098 omnes
1457 1071 1555 1107 quae
1586 1066 1742 1107 possint

465 1118 557 1153 visui
574 1118 695 1163 objici,
709 1124 747 1154 et
764 1124 869 1165 patet
883 1119 984 1165 quod
1000 1119 1101 1155 visus
1114 1119 1312 1165 cujuslibet
1324 1119 1466 1165 judicat
1482 1129 1565 1154 eam
1582 1118 1744 1165 perfecte

466 1176 704 1218 circularem3
728 1182 767 1212 et
787 1178 842 1213 sic
865 1177 1000 1213 faceret
1022 1177 1074 1213 de
1096 1177 1270 1212 omnibus
1292 1176 1626 1223 aequidistantibus
1647 1186 1743 1221 quae

466 1232 696 1280 signarentur
711 1234 750 1270 in
767 1233 937 1281 portione
956 1234 1064 1270 nobis
1088 1233 1248 1280 objecta.
1263 1234 1329 1270 sed
1353 1233 1452 1270 nulla
1475 1239 1534 1269 at
1556 1233 1744 1280 assignata

467 1296 646 1336 quantum
671 1297 729 1328 est
751 1292 801 1328 de
823 1292 966 1328 ratione
985 1292 1094 1328 lunae
1109 1291 1315 1328 secundum
1331 1302 1383 1328 se.
1432 1291 1601 1337 Pyr-arnis
1616 1296 1743 1326 tamen

466 1348 616 1384 visualis
646 1349 768 1394 signat
799 1361 921 1391 unam,
944 1360 1040 1396 quae
1063 1354 1121 1385 eet
1145 1348 1436 1385 circumferentia
1459 1359 1551 1385 suae
1572 1348 1682 1391 basis,
1704 1352 1743 1383 et

467 1407 630 1453 pyramis
654 1406 743 1442 solis
764 1406 885 1452 signat
909 1406 1031 1450 aliam,
1048 1419 1143 1452 quae
1167 1406 1335 1443 similiter
1356 1411 1413 1442 et
1438 1406 1537 1442 basis
1560 1416 1648 1442 suae
1671 1404 1743 1442 cir-

467 1464 717 1500 cumferentia.
754 1464 849 1501 Cum
866 1471 991 1501 autern
1008 1465 1099 1501 haec
1116 1463 1407 1501 circumferentia
1423 1464 1524 1501 basis
1538 1463 1743 1510 pyramidis

467 1521 556 1556 solis
572 1522 721 1567 attingit
738 1522 943 1569 portionem
962 1522 1072 1558 lunae
1089 1523 1195 1558 nobis
1213 1521 1408 1568 objectam,
1425 1532 1574 1558 nee-ane
1589 1527 1646 1557 eet
1662 1520 1743 1567 ejus

467 1578 730 1625 gibbositatern
747 1591 827 1615 esse
842 1591 967 1616 versus
990 1579 1119 1624 solem,
1135 1580 1232 1615 sicut
1249 1590 1317 1615 nos
1334 1580 1382 1616 ad
1399 1578 1547 1615 oculum
1565 1578 1743 1614 videmus.

469 1636 521 1674 Et
537 1649 646 1674 eausa
668 1637 778 1684 hujus
793 1644 862 1681 eet,
878 1638 966 1684 quia
989 1644 1045 1674 est
1071 1638 1196 1684 portio
1220 1637 1403 1674 circularis
1426 1649 1524 1684 quae
1545 1643 1603 1674 est
1628 1647 1745 1684 prope

470 1689 647 1742 majorem
665 1695 702 1732 in
717 1696 892 1743 sphaera;
916 1707 1002 1732 narn
1025 1702 1081 1732 est
1098 1696 1222 1742 portio
1234 1695 1342 1731 unius
1353 1695 1402 1732 de
1413 1694 1744 1742 aequidistantibus

468 1753 715 1789 describendis
742 1754 837 1789 circa
865 1754 1071 1800 portionem
1096 1754 1275 1800 sphaerae
1298 1753 1408 1789 lunae
1433 1753 1541 1790 nobis
1564 1752 1746 1798 objectae,

469 1821 565 1857 quae
589 1811 837 1857 aequidistans
861 1817 918 1847 eat
950 1812 1069 1857 major
1099 1812 1265 1847 omnium
1291 1823 1387 1858 quae
1418 1816 1574 1858 possunt
1603 1809 1654 1846 ibi
1681 1808 1745 1846 de·

469 1868 589 1904 scribi.
635 1868 711 1905 Sed
737 1879 810 1905 non
835 1874 890 1905 est
912 1867 1126 1915 simpliciter
1150 1868 1281 1915 major,
1305 1879 1402 1916 quae
1423 1874 1525 1905 secet
1549 1867 1744 1915 sphaeram

468 1925 577 1961 lunae
609 1926 645 1960 in
679 1932 801 1973 partes
833 1927 1015 1973 aequales,
1039 1927 1125 1974 quia
1161 1937 1236 1963 non
1270 1932 1327 1964 eet
1360 1926 1536 1963 medietas
1567 1925 1746 1972 sphaerae

470 1983 578 2019 lunae
598 1984 705 2020 nobis
720 1984 882 2026 visibilis,
898 1985 963 2020 sed
989 1985 1112 2032 portio
1137 1996 1266 2030 parum
1292 1985 1413 2020 minor
1435 1983 1516 2029 ejus
1540 1983 1747 2024 medietate.

470 2047 513 2078 ut
529 2053 625 2078 nunc
644 2043 872 2089 supponitur,
888 2047 928 2078 et
950 2043 1143 2088 sequentia
1164 2041 1406 2088 explicabunt
1425 2040 1545 2088 magis
1563 2040 1646 2078 ioco
1667 2051 1745 2076 suo.

473 2099 570 2146 Quia
603 2105 726 2136 tamen
759 2110 866 2136 arcus
898 2100 997 2136 basis
1029 2099 1234 2146 pyramidis
1265 2099 1394 2136 solaris
1426 2106 1484 2136 est
1516 2099 1592 2136 sere
1625 2099 1747 2146 portio

473 2157 620 2202 majoris
652 2157 786 2200 circuli,
812 2158 897 2193 ideo
929 2157 1030 2192 nullo
1062 2158 1175 2193 modo
1209 2161 1332 2203 potest
1363 2157 1443 2202 ejus
1474 2157 1682 2192 concavitas
1709 2156 1746 2192 in

470 2216 641 2261 portione
670 2215 779 2250 lunae
806 2215 912 2250 nobis
937 2215 1070 2251 visibili
1093 2215 1217 2260 jacere
1241 2226 1369 2250 versus
1399 2215 1527 2250 solem.
1576 2213 1617 2250 Si
1647 2212 1746 2250 enim

473 2278 569 2308 essct
597 2284 702 2309 arcus
735 2272 858 2308 circuli
888 2273 981 2309 bene
1013 2272 1128 2320 parvi,
1156 2278 1244 2308 tunc
1274 2278 1399 2318 posset
1430 2273 1637 2308 concavitas
1668 2282 1749 2308 esse

470 2341 596 2366 versus
626 2330 752 2372 solem,
780 2337 821 2365 ut
856 2336 968 2377 patet.
1018 2329 1100 2365 Erit
1132 2341 1222 2376 ergo
1253 2340 1359 2364 arcus
1386 2328 1485 2364 illius
1516 2328 1748 2377 gibbositatis

470 2398 597 2423 versus
629 2388 746 2422 solem
778 2387 815 2422 in
849 2388 1059 2423 novilunio:
1097 2394 1134 2423 et
1165 2388 1316 2433 quando
1348 2387 1498 2433 attingit
1527 2387 1647 2434 primo
1681 2386 1748 2422 cir·

473 2444 748 2481 cumserentiam
781 2445 880 2481 basis
914 2444 1117 2492 pyramidis
1147 2444 1305 2488 visualis,
1339 2450 1427 2481 tunc
1463 2456 1568 2481 arcus
1599 2443 1749 2480 visualis

471 2503 674 2549 pyramidis
706 2508 744 2538 et
779 2514 887 2539 arcus
919 2502 1050 2539 solaris
1082 2508 1168 2539 sunt
1201 2501 1383 2549 aequales,
1413 2508 1451 2539 et
1481 2502 1605 2549 jacent
1638 2500 1746 2538 simu!

473 2561 777 2596 etaterminantur
801 2561 849 2595 ad
875 2561 1051 2596 terminos
1075 2560 1235 2597 chordae
1260 2560 1437 2606 portionis
1461 2559 1612 2596 visibilis
1634 2560 1747 2606 ipsius

471 2618 588 2654 lunae.
639 2617 715 2654 Sed
735 2619 883 2663 quando
902 2619 1065 2664 pyramis
1089 2617 1220 2654 solaris
1243 2623 1400 2664 occupat
1421 2617 1581 2663 aliquam
1603 2622 1746 2664 partem

474 2675 652 2723 portionis
677 2676 786 2712 lunae
812 2676 917 2712 nobis
941 2675 1119 2722 objectae,
1143 2681 1232 2712 tunc
1259 2686 1364 2711 arcus
1392 2675 1594 2721 pyramidis
1620 2674 1747 2712 solaris

474 2733 646 2780 relinquit
679 2744 801 2769 arcum
837 2733 935 2769 basss
969 2733 1172 2778 pyramidis
1195 2732 1354 2776 visualis,
1380 2743 1525 2778 semper
1553 2737 1677 2769 tamen
1709 2731 1743 2766 ei

473 2791 752 2833 conterminans,
786 2796 823 2826 et
861 2796 1077 2837 separantur
1111 2792 1159 2826 ad
1200 2790 1355 2826 invicem
1393 2791 1624 2826 continentes
1661 2801 1747 2836 por-

473 2848 612 2884 tionem
641 2848 895 2888 illuminatam.
926 2855 964 2884 et
997 2848 1217 2884 intersecant
1248 2860 1290 2884 se
1323 2847 1360 2883 in
1392 2848 1556 2884 terminis
1587 2846 1749 2884 chordae

473 2907 652 2953 portionis
689 2906 797 2942 lunae
835 2905 941 2942 nobis
981 2905 1172 2952 objectae;
1200 2910 1238 2942 et
1273 2911 1362 2942 tunc
1403 2916 1507 2942 arcus
1546 2903 1750 2953 pyramidis

471 2963 600 2999 solaris
637 2970 692 2999 cst
730 2964 824 2999 sicut
859 2974 965 2999 arcus
1003 2964 1112 2999 unius
1150 2963 1430 3009 aequidistantis
1461 2973 1575 3009 prope
1608 2962 1747 3008 magni-
