2350 3580
613 694 681 729 430
907 684 1194 718 MULTIPLICA
1202 684 1279 718 ΠΟ
1305 683 1397 717 31³1:
1398 682 1586 717 cIERUu.

615 775 750 822 prietas
767 775 962 818 materiam
987 775 1185 811 dicendum
1211 780 1267 810 est
1283 775 1385 820 quod
1403 772 1543 820 species
1560 772 1734 810 materiae
1748 772 1890 820 primae

615 844 688 869 non
707 838 903 869 renovatur
918 834 983 868 sed
1001 831 1204 879 specificae,
1220 837 1258 868 et
1275 831 1372 868 illius
1388 831 1632 878 proprietates
1647 837 1888 874 renouatum

616 890 679 926 sed
705 890 775 927 hae
799 901 872 926 non
899 896 983 926 sunt
1008 890 1246 936 corporeitas,
1269 895 1306 924 et
1330 888 1459 936 figura,
1484 892 1523 924 et
1550 888 1760 935 hujusmodi
1786 898 1889 924 com-

617 948 750 988 munia.
779 959 895 993 quum
918 948 992 983 sint
1026 948 1270 995 proprietates
1302 947 1481 982 materiae
1507 946 1656 991 primae.
1707 944 1749 982 Si
1779 946 1890 992 igitur

614 1004 686 1040 ista
715 1004 897 1040 sensibilia
923 1005 1130 1041 communia
1157 1015 1231 1040 non
1259 1002 1395 1040 saciant
1428 1005 1578 1050 species,
1607 1002 1726 1039 multo
1757 1001 1889 1039 fortius

615 1072 683 1098 net:¹
701 1062 795 1099 aliae
821 1073 878 1099 res
898 1062 1248 1110 praedicamentales
1270 1066 1308 1098 et
1330 1060 1550 1107 corporales,
1566 1066 1607 1097 ut
1626 1061 1729 1102 ratio,
1747 1060 1889 1103 relatio,

614 1120 717 1160 situs,
732 1121 885 1166 quando
910 1126 948 1157 et
972 1119 1194 1165 hujusmodi.
1236 1119 1433 1157 sensibilia
1456 1124 1581 1154 autem
1607 1130 1672 1164 per
1691 1118 1886 1154 accidens·

615 1178 786 1213 dicuntur
812 1183 979 1224 respectu
1012 1189 1185 1213 sensuum
1216 1177 1488 1223 particularium
1516 1182 1556 1212 et
1584 1176 1800 1220 communis,
1825 1177 1888 1222 qui

613 1234 872 1271 antonomatici
903 1240 1083 1271 vomntur
1105 1246 1243 1279 sensus,
1268 1234 1334 1270 sed
1359 1239 1483 1270 tamen
1510 1233 1627 1270 multa
1648 1244 1776 1269 eorum
1800 1240 1888 1269 sunt

612 1292 795 1328 sensibilia
818 1303 883 1339 per
901 1304 941 1328 se
963 1293 1011 1328 ab
1034 1292 1276 1335 aestimativa.
1293 1297 1334 1328 ut
1359 1292 1458 1339 prius
1483 1291 1623 1328 dictum
1647 1296 1703 1327 eat
1729 1290 1778 1326 de
1797 1291 1888 1326 nub-

612 1350 766 1385 stantiis.
817 1349 892 1386 Sed
919 1350 1103 1386 sensibilia
1128 1361 1196 1396 per
1216 1350 1396 1390 accidens,
1412 1349 1485 1385 alia
1506 1360 1530 1384 a
1550 1348 1776 1390 substantiis,
1790 1349 1888 1384 sieut

613 1405 708 1442 filius
724 1413 761 1443 et
781 1413 897 1452 pater,
910 1412 948 1443 et
963 1412 1128 1443 caeterae
1145 1419 1203 1443 res
1216 1405 1567 1453 praedicamentales
1583 1417 1606 1442 a
1623 1405 1838 1442 substantiis
1849 1412 1888 1442 et

610 1464 843 1501 sensibilibus
857 1465 1011 1511 propriis
1023 1470 1063 1501 et
1074 1465 1331 1501 communibus
1348 1475 1421 1501 non
1436 1470 1522 1501 sunt
1538 1464 1657 1500 activa
1673 1463 1889 1510 specierum,

613 1527 810 1568 postquam
835 1521 1017 1557 sensibilia
1041 1533 1109 1567 per
1128 1534 1168 1558 se
1194 1522 1310 1558 multa
1336 1533 1408 1557 non
1425 1527 1581 1568 possunt
1598 1521 1715 1556 facere
1736 1521 1889 1567 species,

613 1590 696 1615 cum
740 1585 866 1615 tamen
897 1579 970 1614 sint
1004 1580 1121 1626 magi·
1163 1578 1283 1616 activa
1324 1590 1436 1625 quam
1472 1578 1561 1615 talia
1602 1577 1788 1614 sensibilia
1821 1590 1889 1626 per

612 1636 790 1673 accidens.

425 1706 448 1731 s.
470 1706 527 1733 Are
660 1694 749 1730 Post
779 1694 868 1730 haec
895 1701 1021 1732 autem
1045 1694 1205 1731 octavo²
1229 1694 1383 1742 expedit
1412 1694 1634 1730 considerari
1662 1694 1765 1741 quod
1791 1693 1886 1729 sieut

424 1742 498 1769 *¹⁸⁰²
609 1763 728 1787 rerum
764 1753 945 1798 quaedam
983 1758 1070 1788 sunt
1104 1753 1335 1795 universales,
1367 1753 1551 1798 quaedam
1587 1751 1802 1798 singulares.
1834 1752 1888 1787 sic

424 1777 528 1814 specim

426 1815 493 1840 from
610 1810 750 1856 species
769 1809 859 1846 fiunt
878 1811 926 1845 ab
942 1810 999 1846 his
1017 1816 1052 1846 et
1070 1809 1150 1846 illis.
1205 1809 1254 1845 Et
1281 1810 1365 1845 ideo
1390 1810 1483 1846 sicut
1505 1809 1644 1855 species
1661 1808 1887 1855 singularum

424 1851 589 1878 '²¹³¹'“⁵¹¹⁸⁹
610 1874 696 1903 suut
708 1866 919 1913 singulares,
930 1868 983 1904 sic
997 1867 1252 1904 universalium
1265 1867 1496 1903 universales.
1524 1867 1574 1903 Et
1585 1877 1667 1903 cum
1681 1866 1889 1903 universale

613 1936 684 1959 non
697 1925 744 1960 sit
764 1925 829 1960 nisi
849 1925 884 1960 in
897 1925 1150 1970 singularibus¹
1163 1925 1259 1960 sicut
1274 1930 1461 1960 ostensum
1474 1924 1581 1959 estin
1594 1923 1888 1970 Metaphysicis⁸

612 1987 759 2028 propter
785 1983 1039 2018 contentiones
1068 1983 1279 2025 multorum,
1305 1993 1372 2018 nec
1399 1988 1522 2028 potest
1550 1980 1734 2027 singulare
1763 1992 1889 2017 carere

610 2050 677 2075 suo
701 2039 906 2081 universali.
932 2040 1000 2076 erit
1030 2040 1223 2086 proportio
1248 2040 1381 2085 speciei
1412 2038 1623 2075 universalis
1652 2039 1698 2075 ad
1725 2039 1888 2085 speciem

611 2096 846 2142 singularem,
861 2098 954 2133 sicut
982 2098 1032 2133 rei
1061 2097 1272 2133 universalis
1299 2098 1346 2132 ad
1372 2108 1450 2134 rem
1474 2096 1709 2142 singularem,
1729 2107 1887 2142 quarum

613 2160 695 2189 sunt
726 2149 970 2200 haespecies.
1023 2155 1072 2190 Et
1102 2155 1188 2190 ideo
1215 2166 1299 2190 cum
1336 2154 1534 2200 singularia
1563 2154 1720 2189 hominis
1748 2153 1887 2190 faciunt

613 2222 697 2247 suas
728 2213 867 2258 species
897 2213 932 2247 in
963 2212 1085 2248 medio
1114 2217 1152 2247 et
1188 2213 1223 2247 in
1256 2223 1365 2248 sensu
1399 2218 1436 2248 et
1465 2211 1665 2255 intellectu,
1690 2211 1740 2248 sic
1771 2211 1887 2248 homo

613 2268 821 2305 universalis
838 2270 946 2305 simul
961 2269 1047 2306 facit
1065 2281 1170 2305 suam
1184 2270 1343 2316 speciem
1359 2270 1394 2305 in
1407 2269 1601 2316 speciebus
1616 2268 1886 2315 singularibus:

613 2328 661 2362 ita
687 2327 786 2372 quod
815 2327 907 2362 sicut
932 2327 1045 2362 homo
1074 2327 1288 2362 universalis
1313 2332 1368 2362 est
1395 2338 1467 2362 una
1498 2332 1629 2362 natura
1652 2326 1823 2373 specifica
1849 2328 1885 2362 in

610 2384 775 2431 quolibet
795 2384 968 2430 singulari
992 2390 1072 2420 tota
1094 2390 1130 2420 et
1154 2384 1327 2427 totaliter,
1350 2384 1401 2421 sic
1430 2384 1570 2430 species
1592 2384 1802 2421 universalis
1827 2392 1886 2421 est

613 2453 684 2478 una
715 2448 843 2478 natura
877 2442 1045 2489 specifica
1079 2453 1145 2478 suo
1185 2443 1296 2478 modo
1330 2447 1367 2478 et
1401 2448 1481 2478 tota
1514 2447 1550 2478 et
1578 2442 1755 2484 totaliter,
1780 2448 1818 2478 et
1849 2442 1885 2478 in

610 2500 775 2544 qualibet
801 2500 921 2547 specie
950 2499 1132 2544 singulari,
1161 2511 1228 2535 nec
1259 2511 1279 2534 e
1305 2500 1496 2534 contrario.
1547 2499 1597 2534 Et
1631 2506 1785 2547 propter
1816 2500 1887 2536 hoc

610 2558 759 2592 iteratur
785 2557 820 2592 in
848 2558 982 2601 medio,
1007 2562 1044 2593 et
1069 2569 1188 2599 sensu,
1212 2563 1249 2592 et
1275 2557 1461 2593 intellectu
1490 2558 1630 2602 species
1661 2558 1887 2600 universalis,

608 2615 759 2660 quando
783 2615 882 2651 venit
907 2625 991 2650 cum
1021 2615 1142 2662 specie
1170 2614 1363 2660 cujuslibet
1394 2615 1596 2660 singularis,
1622 2619 1658 2650 et
1681 2615 1734 2651 sic
1759 2614 1886 2662 figitur

608 2673 646 2707 in
671 2673 792 2708 anIma
812 2678 850 2708 et
875 2672 1001 2709 fortius
1023 2684 1134 2718 quarn
1157 2673 1299 2717 species
1319 2672 1472 2717 alicujus
1492 2672 1692 2717 singularis.
1743 2672 1796 2709 Et
1813 2673 1885 2709 hoc

608 2731 828 2765 determinat
846 2730 1014 2764 Alhazen
1032 2731 1221 2765 evidenter
1239 2731 1272 2764 in
1294 2731 1385 2765 libro
1403 2731 1576 2765 secundo.

647 2796 655 2812 ¹
675 2795 719 2823 Cf.
731 2796 908 2831 perspectiva.
923 2803 970 2831 pp.
986 2803 1081 2830 ’,Μ-75.
1483 2795 1494 2811 ²
1512 2801 1614 2823 octavo
1627 2796 1746 2824 omitted
1760 2797 1789 2823 in
1805 2797 1840 2824 Ο.

646 2840 656 2855 ’
676 2840 763 2866 some
777 2839 901 2866 remarks
917 2847 954 2865 on
971 2839 1092 2866 Escon's
1108 2840 1225 2866 aititude
1243 2841 1271 2866 in
1285 2839 1334 2866 the
1347 2844 1534 2874 controversy
1546 2848 1577 2866 as
1594 2844 1623 2866 ιο
1643 2840 1809 2867 Universnls
1825 2842 1884 2868 will

608 2883 645 2908 be
662 2882 748 2908 found
769 2882 798 2908 in
814 2883 864 2908 the
883 2882 1097 2913 Introduction;
1121 2883 1176 2910 and
1199 2882 1325 2910 Chai-les*
1341 2883 1526 2917 monem-aph,
1541 2892 1587 2917 pp.
1601 2884 1736 2918 383-384,
1750 2885 1883 2912 conl-ains

608 2928 762 2963 important
775 2928 939 2962 quotations
952 2928 1021 2955 from
1037 2928 1085 2955 the
1101 2928 1243 2955 Bluarine
1260 2927 1319 2956 MS.
1334 2929 1451 2963 bearing
1465 2938 1501 2955 on
1515 2929 1563 2956 the
1577 2930 1694 2962 subject.
