2350 3580
860 339 1974 546 —

592 713 656 757 178
856 715 1030 748 OPERIS
1053 715 1264 755 MAJORJS
1289 715 1417 749 PARS
1443 715 1613 749 SEXTA.

589 803 650 839 iris
683 815 757 839 non
781 808 934 850 apparet
959 805 997 840 in
1030 804 1145 848 coelo,
1169 804 1241 840 nisi
1274 805 1374 850 quod
1407 805 1595 841 modimm
1628 804 1868 850 gibbositate

588 861 735 899 lividael
746 873 834 898 suae
847 868 968 908 potest
974 875 1151 909 apparere
1160 862 1273 908 juxta
1282 863 1525 902 horizontem,
1536 864 1566 900 si
1577 864 1731 899 materia
1742 863 1867 900 mrida

590 919 637 954 sit
661 919 710 955 ibi
744 924 971 966 praeparata.
1022 919 1073 956 Et
1105 919 1256 966 quando
1292 919 1348 956 sol
1385 920 1551 957 aseendit
1583 919 1747 960 ulterius.
1776 925 1867 956 tunc

590 986 770 1022 nusquam
796 982 919 1022 potest
945 977 1006 1012 iris
1030 987 1219 1023 apparere.
1281 977 1333 1012 Et
1359 977 1443 1012 ideo
1467 977 1553 1013 dicit
1578 976 1801 1013 Aristoteles
1826 982 1867 1013 ct

589 1031 730 1068 Seneca
747 1033 846 1079 quod
866 1034 899 1069 in
923 1038 1065 1069 aestate
1090 1034 1190 1081 apud
1216 1032 1393 1068 servorem
1421 1034 1492 1069 diei
1519 1046 1592 1070 non
1616 1039 1771 1080 apparet
1788 1033 1865 1069 iris.

590 1090 641 1126 Et
653 1091 764 1137 hujus
777 1101 886 1129 causa
896 1097 965 1134 est,
977 1091 1063 1136 quia
1080 1091 1120 1127 in'
1137 1090 1285 1127 climate
1293 1089 1308 1110 ²
1322 1091 1475 1127 l'arisius
1485 1098 1545 1128 est
1554 1092 1713 1128 altitudo
1723 1090 1812 1127 solis
1822 1091 1863 1128 in

590 1148 740 1183 meridie
758 1148 974 1193 aequinoctii
992 1158 1037 1191 41
1059 1148 1241 1194 graduum
1259 1153 1296 1183 et
1319 1158 1361 1183 12
1380 1149 1614 1190 minutorum,
1631 1154 1718 1184 tunc
1732 1148 1789 1192 sol
1806 1153 1867 1184 est

588 1204 662 1240 fere
679 1205 715 1240 in
732 1211 837 1241 tanta
852 1204 1057 1250 altitudine,
1065 1211 1106 1241 ut
1123 1217 1199 1241 non
1212 1205 1325 1252 possit
1343 1205 1403 1241 iris
1421 1217 1605 1252 apparere,
1623 1211 1661 1242 et
1676 1206 1760 1242 ideo
1778 1210 1866 1252 pout

586 1273 746 1308 paucum
761 1262 874 1300 debet
890 1263 1022 1299 elevari
1040 1263 1074 1299 in
1092 1267 1239 1300 tantum
1261 1263 1383 1307 altius,
1400 1269 1441 1300 ut
1463 1264 1511 1300 sit
1528 1264 1563 1300 in
1589 1263 1738 1300 meridie
1751 1274 1866 1310 super

586 1319 812 1356 horizontem
841 1320 937 1356 ultra
960 1330 1008 1363 42
1034 1321 1170 1366 gradus
1194 1321 1230 1356 in
1256 1320 1395 1356 circulo*
1414 1321 1627 1365 altitudinis,
1652 1326 1690 1357 et
1714 1322 1799 1357 ideo
1824 1321 1863 1357 in

587 1375 728 1414 fervore
744 1378 895 1413 aestatis
912 1389 986 1413 non
1003 1378 1134 1413 accidit
1152 1378 1212 1413 iris
1230 1377 1266 1412 in
1286 1379 1439 1413 meridie
1456 1390 1571 1424 usque
1587 1379 1646 1414 soi·
1661 1380 1865 1416 descendat

586 1435 634 1471 ad
650 1434 883 1472 altitudinem
901 1428 1079 1472 minorem
1097 1446 1209 1482 quam
1222 1434 1236 1456 ³
1252 1435 1300 1472 sit
1315 1445 1363 1479 42
1380 1436 1525 1482 gradus.

1062 1577 1314 1615 CAH-rutum
1332 1577 1376 1614 V.

399 1667 564 1696 Candidum
635 1664 835 1710 Postquam
860 1664 970 1710 igitur
994 1665 1310 1709 experimentator
1334 1665 1474 1701 invenit
1498 1664 1578 1706 hoc,
1603 1670 1692 1702 tuuc
1715 1665 1863 1712 cogitur

399 1705 547 1732 detmin-
586 1732 650 1767 per
666 1732 750 1757 suas
766 1722 1010 1767 experientias
1028 1733 1250 1768 cognoscere
1265 1723 1511 1768 quantitatem
1525 1728 1563 1758 et
1581 1723 1733 1772 figuram
1749 1723 1864 1769 iridis,

398 1776 554 1841 uae‘ffi'ssss‘
586 1785 624 1815 et
639 1781 689 1816 ad
705 1780 777 1815 hoc
798 1778 1009 1815 habendum
1034 1779 1255 1825 imaginatur
1275 1790 1385 1815 unam
1411 1781 1641 1826 pyramidem
1662 1781 1863 1818 rotundam

399 1849 528 1878 01th
587 1837 690 1884 cujus
707 1847 819 1873 conus
837 1837 941 1872 estin
959 1836 1077 1878 oculo,
1088 1843 1126 1872 et
1145 1837 1243 1872 basis
1261 1843 1319 1872 est
1334 1837 1487 1874 circulus
1503 1838 1602 1874 iridis
1618 1838 1723 1884 cujus
1740 1839 1863 1886 portio

399 1885 445 1914 ὼε
457 1885 521 1914 '³⁰¹⁰'
585 1900 739 1941 apparet
755 1895 930 1930 colorata.
966 1894 1017 1929 Et
1033 1895 1117 1930 axis
1133 1895 1336 1940 pyramidis
1354 1900 1410 1930 est
1426 1895 1522 1931 linea
1538 1896 1587 1932 de
1603 1907 1676 1943 qua
1694 1898 1863 1943 superius

584 1954 726 1990 dictum
744 1958 810 1995 est,
823 1963 919 1998 quae
934 1953 1068 1987 transit
1083 1963 1150 1997 per
1165 1958 1332 1987 centrum
1352 1952 1446 1988 oculi
1470 1959 1507 1988 et
1527 1959 1696 1989 centrum
1718 1953 1806 1990 solis
1822 1959 1863 1990 et

584 2017 752 2046 centrum
772 2010 870 2046 iridis
888 2020 1003 2055 usque
1020 2009 1068 2045 ad
1088 2009 1192 2045 nadir
1208 2009 1303 2045 solia.
1347 2009 1399 2045 Et
1416 2010 1513 2046 basis
1530 2010 1638 2056 hujus
1656 2011 1861 2057 pyramidis

584 2068 748 2105 elevatur
764 2073 802 2103 et
823 2067 1041 2113 deprimitur
1065 2067 1113 2101 ad
1139 2066 1381 2101 elevationem
1407 2073 1444 2102 et
1465 2068 1737 2113 depressionem
1763 2069 1860 2112 solis,

584 2131 626 2161 ut
646 2126 787 2160 dictum
803 2130 859 2160 est
876 2125 923 2159 de
939 2122 1001 2159 illa
1017 2122 1123 2167 linea,
1137 2127 1173 2158 et
1194 2123 1396 2159 secundum
1410 2125 1511 2170 quod
1527 2125 1745 2170 deprimitur
1760 2126 1863 2161 cadit

581 2181 779 2229 aliquando
796 2181 832 2216 in
852 2187 994 2225 terram,
1006 2186 1043 2217 et
1061 2186 1161 2216 secat
1181 2192 1272 2225 eam,
1285 2187 1323 2216 et
1335 2187 1481 2217 secatur
1496 2181 1544 2217 ab
1561 2193 1616 2218 ea.
1666 2182 1719 2218 Et
1736 2189 1863 2228 potest

584 2240 676 2276 haee
700 2239 861 2286 pyramis
896 2239 1085 2285 imaginari
1120 2242 1162 2273 ut
1195 2249 1271 2273 non
1299 2245 1399 2273 secet
1427 2244 1574 2282 terram,
1602 2239 1668 2274 sed
1701 2245 1780 2276 tota
1811 2241 1862 2277 sit

581 2297 724 2333 elevata
746 2307 857 2342 super
880 2296 1123 2338 horizontem,
1145 2301 1185 2331 et
1214 2301 1295 2331 tota
1328 2295 1427 2331 basis
1452 2307 1516 2331 sua
1550 2297 1598 2332 sit
1623 2307 1734 2342 super
1758 2298 1859 2333 hori-

582 2359 739 2397 zontem,
757 2359 795 2390 et
817 2353 908 2389 haec
923 2353 1081 2389 varietas
1101 2353 1235 2389 accidit
1256 2353 1458 2388 secundum
1483 2354 1698 2390 brevitatem
1723 2360 1760 2391 et
1776 2354 1858 2391 lon-

579 2412 784 2458 gitudinem
819 2411 1061 2457 pyramidum.
1126 2410 1224 2445 Nam
1259 2415 1324 2445 aut
1357 2416 1481 2456 potest
1512 2422 1592 2447 esse
1625 2417 1703 2448 tarn
1737 2412 1860 2448 brevis

581 2468 799 2515 quantitatis
815 2467 912 2514 quod
932 2468 1030 2503 basis
1045 2478 1112 2503 sua
1128 2468 1175 2502 sit
1194 2478 1303 2512 super
1320 2467 1558 2511 horizontem,
1572 2474 1609 2503 et
1632 2475 1716 2504 tunc
1733 2474 1859 2515 potest

581 2532 684 2562 totus
708 2527 861 2562 circulus
883 2536 1059 2572 apparere
1083 2524 1279 2568 coloratus,
1301 2524 1395 2561 sicut
1421 2530 1545 2571 potest
1570 2524 1646 2561 fieri
1670 2527 1707 2561 in
1730 2538 1858 2572 asper·

579 2583 744 2620 sionibus
759 2583 895 2620 debitis
910 2583 939 2618 si
958 2594 1072 2629 prope
1088 2583 1170 2626 sint,
1189 2582 1284 2618 sicut
1301 2583 1401 2629 prius
1416 2581 1729 2629 exemplificatum
1743 2590 1800 2620 est
1817 2585 1857 2620 in

579 2641 832 2682 rorationibus,
848 2641 994 2686 quando
1019 2651 1114 2686 aqua
1137 2640 1323 2686 spargitur
1344 2641 1392 2676 ab
1412 2640 1563 2676 homine
1582 2640 1709 2676 debito
1734 2642 1858 2685 modo,

579 2705 618 2735 et
633 2700 783 2744 quando
799 2698 990 2734 descendit
1010 2709 1108 2744 aqua
1123 2698 1172 2732 ab
1190 2698 1265 2733 alto
1282 2698 1372 2734 ioco.
1423 2698 1585 2744 Quando
1608 2710 1696 2734 vero
1723 2705 1858 2736 exten-

579 2757 717 2792 duntur
741 2756 952 2802 pyramides
979 2755 1014 2790 in
1041 2759 1188 2791 tantum,
1214 2761 1253 2791 ut
1282 2755 1495 2802 contingant
1521 2762 1667 2798 terram,
1693 2761 1780 2793 tunc
1805 2757 1855 2793 ad

581 2813 748 2848 ultimum
768 2817 890 2860 potest
908 2812 1065 2848 circulus
1081 2812 1224 2859 integer
1241 2824 1427 2860 apparere.

618 2895 626 2912 ¹
644 2896 672 2929 J.
686 2896 737 2923 hu
755 2896 870 2923 lucidae.

613 2939 624 2955 ¹
644 2940 705 2966 The
719 2941 823 2975 words,
839 2940 867 2966 in
879 2939 1003 2973 elimate,
1017 2946 1064 2966 are
1079 2938 1196 2966 omitted
1211 2938 1239 2965 in
1252 2938 1279 2972 J.
1617 2937 1627 2954 ⁵
1645 2947 1729 2974 quae,
1740 2940 1769 2974 J.
