2350 3580
587 674 655 708 374
822 666 994 700 ops-ms
1020 665 1229 705 MAJORJS
1254 664 1382 698 PARS
1406 664 1629 698 SEPTIMA.

404 755 469 782 2⁵10
479 755 526 782 uae
589 746 892 792 proportionales,
912 746 977 782 sed
1002 746 1073 781 hoc
1096 757 1170 782 non
1194 746 1359 792 expedit.
1407 744 1505 780 Nam
1526 744 1658 790 vulgus
1681 749 1737 780 est
1757 743 1867 779 nimis

404 799 534 856 ζῗξζξίζὲ
592 803 858 850 imperfectum,
881 808 917 840 et
943 804 1028 840 ideo
1057 804 1243 850 persuasio
1267 803 1351 838 fidei
1374 813 1471 848 quae
1488 800 1602 848 vulgo
1625 801 1782 838 debetur
1809 806 1866 837 est

404 867 533 899 manga
595 861 695 897 rudis
719 867 757 898 et
780 861 961 908 indigesta
983 866 1020 896 et
1045 862 1193 907 indigna
1214 860 1451 906 sapientibus.
1500 858 1598 896 Volo
1617 859 1729 904 igitur
1758 858 1868 895 altius

403 899 488 928 them.
595 919 803 966 procedere,
830 924 867 955 et
897 919 986 956 dare
1014 919 1285 964 persuasionem
1321 919 1367 952 de
1401 928 1474 963 qua
1514 917 1696 963 sapientes
1727 915 1867 951 habent

590 977 766 1022 judicare.
819 977 862 1011 In
880 977 979 1012 omni
1003 976 1099 1011 enirn
1122 977 1270 1011 natione
1296 979 1381 1010 sunt
1404 975 1516 1020 aliqui
1544 974 1709 1010 industrii
1729 978 1769 1009 et
1789 975 1867 1020 apti

593 1033 640 1068 ad
670 1033 899 1079 sapientiam,
926 1033 1059 1080 quibus
1079 1032 1361 1068 'rationabiliter
1390 1031 1601 1079 persuaderi
1632 1036 1777 1078 potest3
1814 1037 1865 1069 ut.

595 1091 684 1138 ipsis
710 1090 925 1134 informatis,
948 1090 1012 1126 fiat
1037 1090 1148 1137 vulgo
1173 1101 1241 1137 per
1263 1101 1329 1126 eos
1354 1089 1542 1137 persuasio
1565 1089 1713 1126 facilior.

406 1157 490 1180 hume
643 1148 823 1194 suppono
848 1160 934 1184 vero
959 1148 994 1183 in
1023 1148 1201 1194 principio
1225 1152 1300 1183 tres
1325 1159 1404 1183 esse
1427 1147 1682 1193 cognitionem
1714 1158 1786 1183 una
1813 1151 1869 1182 est

408 1189 573 1253 ᾖᾞᾜῇἶξε
595 1217 659 1253 per
675 1205 839 1241 studium
859 1205 1074 1242 inventionis
1092 1206 1263 1252 propriae
1279 1217 1344 1252 per
1355 1205 1454 1241 viam
1472 1205 1732 1251 experientiae.
1785 1203 1870 1240 Alia

595 1269 650 1299 est
667 1275 732 1310 per
748 1263 968 1300 doctrinam.
1021 1263 1145 1300 Tertia
1170 1269 1227 1300 est
1248 1268 1332 1299 ante
1356 1263 1454 1306 istas,
1483 1268 1521 1298 et
1543 1263 1604 1299 via
1625 1262 1662 1298 in
1681 1273 1754 1304 eas,
1776 1273 1871 1308 quae

595 1328 746 1356 vocatur
770 1321 930 1369 cognitio
954 1321 1152 1363 naturalis;
1190 1328 1226 1356 et
1256 1321 1326 1356 hoc
1352 1321 1436 1356 ideo
1461 1321 1545 1366 quia
1579 1325 1635 1356 est
1665 1320 1871 1355 communis

597 1379 778 1414 omnibus.
831 1378 926 1414 Illud
952 1378 1050 1414 enirn
1088 1379 1254 1414 naturale
1279 1374 1334 1414 e'st
1370 1379 1467 1424 quod
1503 1379 1674 1414 omnibus
1708 1377 1869 1423 ejusdem

597 1435 730 1484 speciei
757 1442 812 1472 est
838 1447 1043 1475 commune,
1070 1443 1110 1472 ut
1137 1436 1354 1472 comburere
1381 1441 1436 1471 est
1463 1435 1629 1472 naturale
1662 1435 1749 1482 igni,
1778 1434 1871 1470 sicut

598 1493 820 1530 Aristoteles
845 1492 1094 1540 exemplificat
1121 1494 1250 1538 quinto
1286 1493 1527 1536 Ethicorum;
1562 1500 1598 1528 et
1632 1492 1776 1528 Tullius
1799 1492 1871 1527 hoc

599 1551 697 1586 idern
739 1551 826 1586 dicit
859 1552 895 1586 in
930 1552 1109 1597 principio
1151 1551 1199 1586 de
1243 1550 1527 1596 Quaestionibus
1571 1550 1800 1593 Tusculanis,
1836 1556 1874 1585 et

597 1609 764 1644 videmus
783 1620 848 1654 per
868 1608 1039 1654 exempla
1061 1608 1212 1645 infinita.
1265 1609 1361 1644 Nam
1385 1609 1542 1644 dicimus
1561 1619 1667 1644 voces
1685 1608 1874 1644 brutorum

599 1665 801 1712 significare
826 1667 1050 1710 naturaliter,
1084 1667 1170 1712 quia
1203 1673 1290 1708 sunt
1319 1677 1534 1702 communes
1563 1666 1758 1702 individuIs
1789 1677 1876 1702 suae

599 1723 753 1769 speciei;
788 1730 826 1760 et
857 1724 1068 1769 hujusmodi
1103 1725 1316 1761 naturaliter
1350 1735 1372 1759 a
1403 1724 1510 1760 nobis
1543 1724 1692 1770 cognita
1725 1729 1808 1759 sunt
1839 1724 1875 1758 in

600 1782 732 1832 quinus
757 1793 886 1817 ornnes
912 1771 1185 1824 concordamus,
1204 1786 1243 1817 ut
1265 1782 1365 1827 quod
1392 1793 1501 1817 omne
1527 1787 1648 1816 tntum
1674 1782 1793 1827 majus
1820 1787 1876 1816 est

599 1850 666 1874 sua
699 1846 815 1884 parte,
841 1845 877 1874 et
903 1838 1121 1884 hujusmodi.
1148 1845 1225 1874 tam
1261 1838 1494 1885 incomplexa
1521 1850 1632 1885 quam
1667 1838 1876 1885 complexa.

603 1893 748 1929 Scimus
781 1894 892 1929 etiam
934 1895 1032 1940 quod
1077 1894 1204 1929 anima
1248 1894 1434 1929 rationalis
1470 1900 1556 1929 nata
1596 1898 1653 1930 est
1686 1895 1878 1929 veritatem

603 1963 823 1997 cognoscere
848 1957 884 1987 et
912 1963 1034 1987 amare
1061 1963 1154 1994 earn,
1181 1951 1285 1997 cnjus
1301 1952 1447 2005 ‘amoris
1476 1951 1645 1998 probatio
1675 1958 1729 1987 est
1757 1952 1880 1998 operis

604 2007 797 2050 exhibitio,
823 2010 1026 2045 secundum
1052 2008 1272 2056 Gregoriurn
1305 2016 1342 2045 et
1370 2020 1498 2045 omnes
1527 2015 1674 2045 sanctos
1700 2016 1736 2045 et
1759 2008 1879 2055 philo-

604 2065 750 2112 sophos.
801 2066 963 2112 Quidam
988 2074 1110 2102 autem
1137 2068 1331 2102 aestimant
1354 2067 1452 2112 quod
1472 2067 1565 2102 duae
1589 2072 1714 2113 partes
1733 2072 1818 2102 sunt
1844 2067 1878 2102 in

605 2122 926 2172 anima-diversae,
954 2136 1017 2160 seu
1048 2125 1143 2168 duae
1181 2126 1379 2171 potentiae,
1405 2131 1445 2160 ut
1474 2136 1547 2160 una
1581 2126 1630 2160 sit
1656 2137 1728 2170 qua
1754 2136 1880 2160 verum

606 2187 819 2228 cognoscat,
837 2181 908 2218 alia
926 2193 999 2228 qua
1017 2181 1102 2218 velit
1121 2183 1245 2218 audire
1261 2182 1454 2218 veritatem
1473 2182 1667 2228 cognitam.
1718 2182 1880 2229 Quidam

605 2250 692 2273 vero
717 2239 868 2275 credunt
895 2240 992 2286 quod
1021 2251 1092 2276 una
1119 2247 1173 2276 est
1201 2240 1406 2276 substantia
1433 2238 1578 2275 animae
1603 2252 1698 2286 quae
1727 2246 1883 2286 utraque

608 2295 701 2336 facit,
721 2297 806 2342 quia
826 2297 881 2332 isti
901 2303 1004 2333 actus
1023 2305 1108 2333 sunt
1125 2298 1284 2333 ordinati
1299 2298 1345 2333 ad
1362 2298 1527 2338 invicem,
1543 2308 1587 2332 eo
1604 2299 1704 2342 quod
1716 2298 1883 2333 veritatis

607 2354 768 2400 cognitio
781 2359 835 2390 est
849 2361 999 2401 propter
1009 2356 1088 2400 ejus
1101 2367 1265 2391 amorem
1283 2368 1290 2398 ;
1316 2367 1387 2390 una
1403 2355 1498 2390 enim
1516 2360 1552 2390 et
1565 2356 1692 2390 eadem
1705 2356 1881 2401 potentia.

609 2410 817 2447 Secundum
846 2423 909 2448 eos
934 2414 1052 2459 pri‘mo
1083 2413 1327 2459 apprehendit
1341 2412 1558 2455 xenitatem,
1585 2418 1622 2448 et
1649 2419 1777 2459 postea
1801 2424 1883 2448 eam

601 2469 792 2514 'cognitam
821 2470 941 2515 diligit
963 2476 998 2505 et
1023 2471 1188 2516 complet
1207 2471 1242 2505 in
1268 2482 1370 2516 opus.
1423 2470 1534 2507 Unde
1558 2470 1781 2507 Aristoteles
1805 2470 1883 2507 vult

608 2527 739 2568 tertio¹
764 2528 810 2562 de
835 2527 974 2562 Anima
999 2529 1097 2573 quod
1128 2528 1332 2564 intellectus
1359 2528 1607 2574 speculativus
1634 2529 1796 2564 veritatis
1822 2540 1885 2574 per

608 2584 862 2620 extensionem
899 2585 945 2621 ad
979 2585 1057 2631 ejus
1092 2597 1259 2621 amorem
1292 2584 1333 2621 fit
1367 2586 1556 2631 practicus.
1608 2586 1689 2621 Nec
1723 2598 1883 2632 unquam

609 2640 694 2675 facit
711 2640 954 2677 differentiam
972 2642 1183 2689 specificam
1203 2644 1297 2678 inter
1316 2641 1543 2679 intellectum
1562 2643 1829 2689 speculativum
1849 2650 1885 2678 et

611 2699 821 2743 practicurn,
837 2700 931 2735 sicut
959 2700 1043 2735 facit
1070 2701 1163 2736 inter
1185 2700 1409 2738 intellectum
1434 2707 1470 2736 et
1492 2712 1636 2736 sensum
1661 2706 1698 2736 et
1723 2702 1885 2736 animam

647 2809 652 2824 ¹
675 2809 843 2843 Desinimus,
855 2811 890 2837 iii.
904 2819 964 2845 cap.
977 2820 1000 2844 7.
1038 2811 1100 2839 The
1111 2812 1208 2838 whole*
1219 2812 1337 2846 chapter
1351 2811 1374 2838 is
1388 2812 1476 2838 tothe
1492 2812 1581 2845 point,
1593 2813 1649 2839 und
1664 2812 1818 2846 especially
1829 2814 1886 2844 5⁶:

610 2853 655 2879 καὶ
669 2851 701 2882 τὸ
715 2852 777 2879 ἄνευ
790 2853 817 2880 δὶ
838 2853 951 2888 πράξεως
964 2855 997 2881 τι)
1013 2855 1112 2888 ἀληθὲς
1124 2855 1170 2882 nui
1188 2854 1222 2881 τὸ
1234 2855 1328 2888 ψεῦδος
1342 2855 1371 2881 ὃν
1392 2855 1430 2888 ’ᾧ
1441 2855 1514 2888 αὑτᾷ
1527 2855 1598 2888 γένει
1612 2855 1673 2882 iuri
1687 2857 1726 2892 τῷ
1737 2856 1830 2891 ἀγαθῷ
1843 2856 1886 2883 nni

610 2896 691 2932 κακᾷ,
705 2895 778 2923 ἀλλὰ
790 2898 828 2932 τῷ
840 2896 868 2932 γ’
880 2896 970 2924 ἁπλῶς
982 2896 1097 2933 διαφέρει
1112 2898 1157 2925 καί
1170 2907 1230 2926 τινι.
