2350 3580
601 683 648 719 82
854 684 1026 718 OPERIS
1051 683 1263 723 MAJORIS
1288 683 1416 717 PARS
1443 681 1633 724 QUINTA.

603 772 792 811 certificari
810 772 877 810 nisi
893 785 959 821 per
973 772 1069 810 hanc
1085 773 1344 821 cognitionem,
1361 778 1400 809 et
1412 772 1515 820 pate}
1527 772 1627 820 quod
1638 771 1738 809 solus
1751 783 1885 808 sensus

603 844 681 868 non
697 837 817 878 potest
835 831 870 867 in
888 831 957 868 hos
974 832 1068 868 duos
1085 832 1216 868 modos
1232 844 1241 872 ;
1272 836 1309 867 et
1324 837 1476 867 vocatur
1491 830 1550 866 hic
1566 830 1665 866 solus
1681 840 1823 873 sensus,
1839 836 1884 866 ut

602 889 701 925 visus
737 890 772 924 in
811 889 952 936 pupilla
990 895 1028 924 et
1070 889 1105 924 in
1141 900 1253 925 nervo
1285 889 1470 925 communi
1504 900 1618 935 usque
1649 889 1697 924 ad
1731 898 1884 923 sensum

604 957 847 983 communem.
897 946 993 982 Nam
1021 947 1089 982 nisi
1114 947 1212 982 adsit
1236 947 1447 992 imaginatio
1473 951 1511 982 et
1538 946 1712 982 memoria
1727 946 1884 981 visionis

603 1004 701 1051 prius
720 1003 838 1040 sactae
855 1003 948 1040 circa
966 1013 1054 1046 rem,
1072 1014 1145 1039 non
1164 1003 1228 1039 fiet
1241 1003 1519 1049 comprehensio
1533 1003 1569 1039 in
1583 1003 1744 1039 secundo
1756 1002 1884 1038 modo.

606 1061 679 1098 Sed
699 1061 910 1108 imaginatio
922 1066 960 1097 et
977 1059 1154 1097 merno‘ria
1170 1066 1254 1097 sunt
1274 1061 1370 1097 ultra
1385 1072 1533 1097 sensum
1552 1071 1794 1097 communem.
1831 1060 1884 1097 Et

605 1119 732 1154 tertius
765 1119 897 1154 modus
925 1119 1043 1164 magis
1074 1119 1268 1164 elongatur
1292 1130 1314 1153 a
1345 1118 1425 1153 solo
1456 1130 1574 1159 sensu,
1600 1120 1685 1164 quia
1716 1118 1764 1153 ibi
1793 1129 1884 1154 con-

604 1177 810 1212 siderantur
835 1177 939 1223 plura
964 1188 1074 1222 quam
1109 1177 1145 1211 in
1181 1177 1343 1212 secundo
1379 1177 1501 1219 modo,
1525 1183 1563 1212 et
1592 1177 1709 1222 magis
1737 1176 1887 1211 accedit

605 1234 652 1270 ad
678 1246 770 1280 opus
797 1234 946 1270 rationis
972 1240 1119 1280 propter
1141 1234 1242 1269 viam
1268 1234 1456 1279 arguendi.
1506 1233 1581 1269 Sed
1609 1233 1646 1268 hi
1674 1232 1774 1269 modi
1805 1243 1884 1268 non

605 1292 742 1328 habent
783 1292 930 1326 nomina
972 1297 1070 1326 recte
1111 1291 1299 1328 translata.
1368 1291 1527 1325 Primum
1570 1295 1678 1326 vocat
1710 1289 1885 1325 Alhazen

606 1349 852 1395 cognitionem
895 1349 972 1384 solo
1020 1360 1138 1384 sensu.
1214 1349 1425 1384 Secundum
1478 1346 1727 1394 principaliter
1772 1354 1885 1383 vocat

605 1407 855 1453 cognitionem
876 1416 940 1452 per
962 1405 1163 1442 scientiam.
1216 1406 1383 1441 Tertium
1407 1411 1515 1442 vocat
1542 1405 1792 1450 cognitionem
1818 1415 1886 1450 per

606 1463 859 1510 syllogismum
895 1467 1045 1509 propter
1074 1463 1228 1499 modum
1256 1463 1442 1509 arguendi.
1509 1462 1583 1499 Sed
1611 1463 1703 1497 haee
1731 1462 1886 1496 nomina

608 1532 679 1556 non
697 1525 781 1556 sunt
802 1521 959 1566 propria,
979 1521 1065 1565 quia
1090 1521 1243 1556 virtutes
1268 1521 1410 1556 animae
1434 1521 1628 1555 sensitivae
1652 1514 1790 1554 habbnt
1817 1519 1887 1554 has

606 1578 843 1624 cognitiones.
872 1577 1001 1623 quibus
1023 1589 1097 1613 non
1121 1577 1279 1613 debetur
1305 1577 1455 1613 scientia
1482 1589 1550 1613 nec
1576 1576 1814 1624 syllogismus
1844 1583 1886 1612 ut

606 1635 850 1671 communiter
881 1635 1117 1681 accipiuntur.
1170 1635 1245 1670 Sed
1281 1635 1327 1670 de
1361 1634 1432 1669 hoc
1470 1635 1605 1669 certius
1636 1634 1698 1669 fiet
1732 1634 1886 1679 quando

607 1693 816 1738 inquiretur,
832 1704 926 1738 quae
943 1697 1027 1727 sunt
1044 1693 1196 1727 virtutes
1221 1693 1366 1727 animae
1389 1703 1483 1737 quae
1507 1692 1642 1727 faciunt
1666 1691 1725 1726 hic
1745 1692 1887 1736 judicia

608 1751 790 1786 mediante
806 1750 896 1792 visu,
917 1751 1014 1795 quod
1038 1749 1112 1785 fieri
1137 1762 1210 1785 uon
1236 1755 1359 1795 potest
1385 1755 1583 1795 antequam
1603 1749 1720 1794 'magis
1745 1755 1886 1795 pateat,

608 1808 643 1845 in
661 1807 841 1853 exemplis
859 1807 906 1843 de
922 1807 1074 1843 diversis
1092 1807 1305 1848 visibilibus,
1323 1807 1481 1853 qualiter
1497 1805 1749 1843 certificentur.
