2350 3580
621 488 690 524 504
923 467 1023 511 um„
1029 477 1214 511 TJPLJCA
1220 478 1297 511 πο
1322 477 1609 511 snas-Roas.

623 569 661 604 in
677 580 753 615 quo
771 569 852 604 loco
868 575 907 604 et
922 568 992 604 sub
1012 567 1109 605 trina
1124 567 1353 603 dimensione
1367 567 1505 604 claudit
1516 579 1648 604 secum
1667 579 1722 603 ex
1739 566 1911 603 incidenti

624 626 853 662 debilitatem
890 626 1023 672 speciei
1039 624 1062 661 ².
1113 626 1205 661 Ideo
1238 625 1329 662 haec
1359 626 1499 672 species
1534 636 1608 661 non
1644 631 1816 661 meretur
1846 625 1910 660 dici

624 695 769 729 corpus,
786 683 918 719 saltem
942 694 1027 718 cum
1052 683 1173 718 medio
1191 683 1227 718 in
1243 694 1320 728 quo
1345 688 1402 718 est
1422 694 1565 729 ponens
1589 683 1628 718 in
1653 694 1855 718 numerum
1879 683 1912 717 in

625 741 722 776 trina
739 741 965 776 dimensione
982 747 1019 776 et
1036 741 1105 776 loci
1122 740 1449 783 determinatione;
1473 740 1539 775 sed
1558 746 1616 775 est
1635 751 1718 777 una
1734 740 1912 776 dimensio

627 803 664 833 et
682 808 775 832 unus
793 797 905 839 locus,
923 798 1057 844 quibus
1074 809 1189 833 unum
1206 808 1339 843 corpus
1362 797 1613 843 principaliter
1634 798 1913 844 correspondet.

626 855 765 891 scilicet
782 855 903 901 ipsum
922 856 1094 898 medium,
1111 855 1352 891 assimilatum
1369 861 1494 891 tamen
1511 855 1640 902 agenti
1666 867 1738 901 per
1755 855 1912 902 speciem

626 912 705 957 ejus
733 912 959 959 corporalem
987 912 1262 959 incompletam,
1288 913 1384 948 unde
1408 918 1464 948 est
1489 923 1624 959 corpus
1657 913 1697 948 in
1727 919 1817 948 actu
1844 913 1913 948 dis-

627 970 792 1013 tinctum,
823 975 860 1005 et
895 970 978 1005 ideo
1011 977 1067 1006 est
1100 970 1287 1016 corporale
1320 971 1356 1005 in
1393 981 1547 1017 corpore
1581 970 1796 1013 actualiter,
1831 971 1914 1005 alias

630 1027 905 1063 accidentaliter
929 1028 1105 1063 existens.

443 1097 506 1125 The
514 1096 619 1133 species
681 1083 794 1130 Quod
823 1085 934 1120 etiam
964 1085 1182 1131 generaliter
1212 1097 1278 1131 pro
1307 1086 1408 1121 omni
1439 1087 1562 1131 specie
1597 1086 1777 1122 videatur
1811 1096 1914 1131 posse

444 1132 607 1234 ᾗὶξθῗζζζ
632 1142 794 1189 proferri,
809 1143 910 1188 quod
936 1143 1077 1188 species
1102 1143 1239 1179 incedit
1264 1154 1329 1188 per
1353 1155 1393 1180 se
1419 1144 1455 1179 in
1480 1144 1617 1187 medio,
1633 1143 1727 1180 licet
1752 1144 1914 1180 medium

505 1214 524 1233 0

445 1251 470 1270 u
482 1205 617 1270 masson-‚e
632 1200 679 1235 sit
697 1199 885 1235 immobile
901 1205 938 1235 et
954 1200 1130 1246 quietum,
1144 1206 1183 1236 et
1203 1211 1252 1235 ex
1269 1211 1335 1235 sua
1348 1205 1531 1246 potestate
1544 1202 1639 1246 petit
1657 1201 1747 1236 loca
1763 1201 1914 1241 diversa,

446 1276 598 1307 identienl'
590 1285 617 1304 ω
634 1268 707 1292 non
731 1263 908 1303 operante
934 1257 1072 1303 aliquid
1104 1258 1183 1303 ipso
1212 1258 1346 1301 medio,
1376 1269 1442 1294 nec
1465 1258 1618 1303 juvante
1644 1264 1827 1294 movente
1852 1269 1914 1294 nec

447 1315 592 1343 substance
636 1317 762 1354 moto3
785 1311 832 1347 sit
861 1312 921 1353 ita,
948 1313 1048 1358 quod
1081 1313 1266 1359 quiescat3
1298 1324 1412 1359 quare
1441 1319 1498 1349 est
1524 1324 1671 1359 corpus,
1707 1325 1796 1349 cum
1827 1313 1914 1349 nihil

446 1350 592 1452 ζ’ἑξὲιαῖῃ
635 1381 701 1415 per
720 1381 759 1405 se
783 1374 1006 1406 transmutat
1032 1370 1152 1406 locum
1179 1371 1215 1406 in
1241 1382 1395 1417 corpore
1419 1371 1631 1416 quiescente
1659 1371 1733 1407 nisi
1761 1383 1914 1419 corpus;

510 1422 620 1452 md
634 1427 830 1464 dicendum
859 1434 925 1470 est,
951 1428 1052 1473 quod
1080 1439 1153 1464 non
1185 1434 1242 1464 est
1272 1429 1368 1464 idem
1403 1439 1553 1465 numero
1584 1429 1623 1464 in
1656 1430 1782 1475 prima
1814 1435 1917 1476 parte

637 1485 745 1520 medii
761 1490 797 1520 et
815 1485 974 1520 secunda
991 1490 1028 1520 et
1045 1485 1135 1521 aliis.
1186 1485 1265 1522 Nec
1288 1486 1378 1521 illud
1401 1486 1500 1532 quod
1527 1492 1584 1521 est
1604 1486 1642 1521 in
1666 1493 1776 1532 parte
1798 1486 1916 1532 prima

636 1542 716 1578 exit
734 1553 827 1582 eam,
845 1552 913 1577 nec
938 1542 1105 1578 similiter
1124 1544 1224 1589 quod
1245 1549 1303 1579 est
1325 1543 1361 1578 in
1383 1544 1545 1579 secunda
1563 1544 1668 1579 vadit
1689 1544 1743 1580 ad
1762 1545 1915 1585 tertiam,

639 1599 704 1635 sed
718 1599 904 1645 quaelibet
917 1599 953 1634 in
967 1610 1034 1635 suo
1047 1600 1202 1646 quiescit
1216 1600 1333 1643 loco²;
1356 1607 1394 1636 et
1407 1601 1490 1635 ideo
1506 1611 1579 1636 non
1592 1606 1648 1637 est
1661 1601 1804 1647 aliquid
1816 1600 1914 1647 quod

638 1662 829 1692 moveatur
856 1656 907 1692 ibi
934 1657 983 1692 de
1010 1656 1093 1692 loco
1121 1658 1169 1692 ad
1197 1657 1329 1699 locum,
1351 1658 1417 1693 sed
1442 1664 1499 1693 est
1527 1658 1702 1693 continua
1725 1658 1915 1704 generatio

639 1725 755 1749 novae
772 1713 834 1758 rei,
850 1714 945 1749 sicut
962 1720 1018 1749 est
1035 1714 1083 1749 de
1101 1715 1231 1749 umbra
1247 1726 1342 1761 quae
1358 1725 1431 1749 non
1451 1721 1618 1751 movetur
1633 1716 1700 1752 sed
1722 1722 1917 1752 renovatur

638 1772 783 1808 diversa
799 1777 838 1806 et
854 1772 1008 1811 diversa,
1029 1782 1097 1808 nec
1121 1778 1176 1807 est
1194 1772 1383 1808 renovatio
1400 1783 1512 1819 penes
1529 1772 1609 1808 loca
1629 1774 1784 1819 proprie
1799 1778 1838 1809 et
1855 1783 1918 1819 per

641 1840 692 1872 se,
708 1829 773 1864 sed
789 1840 902 1875 penes
918 1829 1094 1875 subjecta,
1114 1830 1201 1874 quia
1218 1830 1360 1876 species
1372 1837 1427 1866 est
1444 1830 1567 1876 passio
1588 1831 1711 1870 medii,
1730 1841 1800 1866 nec
1817 1830 1916 1866 locus

641 1886 690 1922 ibi
709 1886 903 1932 requiritur
920 1887 987 1922 nisi
1003 1886 1104 1923 locus
1121 1887 1241 1924 medii.

457 1954 560 1990 why·
693 1943 732 1980 Si
766 1945 909 1980 dicatur
941 1945 1042 1990 quod
1076 1950 1179 1980 moto
1212 1956 1295 1982 aere
1328 1956 1393 1992 per
1428 1950 1576 1981 ventum
1610 1944 1671 1980 vel
1703 1946 1819 1987 aliud,
1847 1957 1918 1982 non

455 1997 609 2055 gfffffome}
645 2007 810 2037 movetur
835 2002 984 2047 species,
1009 2003 1074 2038 sed
1099 2004 1302 2039 secundum
1331 2004 1487 2038 eandem
1520 2003 1780 2039 extensionem
1807 2003 1920 2039 lineae

457 2062 600 2105 notanect
644 2059 701 2094 vel
721 2059 897 2105 sphaerae
924 2061 1097 2096 continue
1125 2071 1148 2095 a
1177 2072 1244 2097 suo
1274 2067 1408 2106 agente
1437 2061 1706 2106 multiplicatur,
1732 2072 1921 2107 occupans

456 2099 619 2164 ffgndffffie
646 2117 767 2153 locum
792 2115 908 2151 fixum
933 2117 1160 2153 immobilem
1183 2119 1384 2154 secundum
1406 2129 1446 2153 se
1465 2124 1597 2159 totum,
1614 2118 1700 2154 licet
1724 2125 1923 2155 renovetur

458 2172 541 2200 ‘0¹0²-
645 2174 847 2210 secundum
868 2180 992 2220 partes
1017 2175 1127 2210 medii
1154 2176 1190 2210 in
1215 2176 1345 2211 eodem
1369 2175 1462 2219 loco,
1487 2183 1528 2211 ut
1553 2187 1647 2211 nunc
1677 2181 1822 2212 tactum
1857 2183 1923 2219 est,

645 2233 709 2268 sed
736 2232 767 2267 si
792 2238 887 2267 esset
912 2232 1165 2269 indistinctum
1186 2232 1235 2267 ab
1261 2244 1344 2269 aere
1367 2239 1406 2269 et
1431 2233 1511 2278 ejus
1532 2233 1664 2280 passi0,
1681 2239 1774 2269 tunc
1799 2245 1923 2270 move>

646 2295 745 2325 retur
762 2294 864 2324 moto
880 2299 973 2331 aere,
991 2290 1076 2335 quia
1097 2290 1329 2326 moventibus
1346 2291 1451 2326 nobis
1471 2296 1665 2327 moventur
1681 2291 1811 2326 omnia
1829 2301 1925 2337 quae

646 2347 684 2382 in
711 2346 817 2382 nobis
843 2353 930 2382 sunt
962 2347 1175 2383 indistincta
1208 2347 1244 2382 in
1278 2348 1589 2390 dimensionibus3
1617 2347 1820 2385 dicendum
1855 2355 1924 2391 eet,

646 2405 748 2450 quod
769 2404 860 2439 haec
877 2410 933 2440 est
952 2403 1101 2443 fallacia,
1115 2405 1373 2450 consequentis
1389 2416 1411 2440 a
1428 2405 1571 2440 duabus
1588 2405 1707 2440 causis
1728 2407 1778 2442 ad
1800 2417 1925 2443 unam.

685 2506 693 2522 ¹
714 2504 777 2532 The
791 2513 853 2540 ray.
862 2504 950 2539 being
963 2505 1083 2539 nothing
1095 2505 1245 2532 whatever
1256 2505 1307 2533 but
1319 2515 1337 2533 ι
1347 2506 1462 2541 portion
1475 2505 1508 2532 os
1516 2506 1565 2533 the
1585 2506 1710 2533 medium
1722 2508 1928 2543 momentu-ny

648 2549 782 2578 modified
792 2548 830 2583 by
843 2549 893 2576 the
905 2552 1002 2583 agent,
1013 2548 1066 2576 has
1078 2556 1118 2576 no
1131 2550 1309 2577 dimensione
1321 2550 1407 2577 other
1415 2550 1484 2576 than
1498 2550 1581 2577 those
1593 2549 1628 2576 ot
1637 2550 1697 2576 that
1710 2550 1828 2584 portion
1835 2552 1871 2579 os
1878 2552 1928 2579 the

647 2594 784 2664 mzdssffis
797 2644 928 2672 passage,
941 2636 998 2663 and
1011 2636 1115 2663 indeed
1129 2636 1179 2663 the
1191 2636 1287 2663 whole
1299 2636 1428 2671 chapter,
1442 2636 1574 2663 contains
1592 2636 1714 2671 striking
1724 2637 1930 2673 anticipatione

648 2681 683 2708 of
691 2681 810 2708 modern
825 2680 953 2714 physieal
971 2680 1098 2707 theorico
1115 2688 1148 2707 as
1166 2684 1197 2707 to
1216 2680 1403 2714 prop-gation
1422 2680 1455 2707 of
1469 2680 1555 2707 some.
1595 2680 1622 2707 Π
1632 2680 1682 2707 the
1701 2681 1783 2707 word
1803 2690 1881 2709 m
1896 2691 1929 2710 or

649 2724 815 2751 undulan'on
827 2731 906 2751 were
919 2723 1094 2751 subnituted
1105 2722 1150 2751 for
1161 2732 1213 2758 my
1223 2731 1257 2751 or
1267 2723 1371 2758 spernis,
1384 2723 1456 2751 little
1467 2723 1565 2751 would
1578 2723 1652 2751 need
1664 2723 1821 2759 changing.
