2350 3580
601 736 967 770 PERSPECTIVAE
993 736 1121 769 PARS
1148 735 1302 769 PRIMA
1319 747 1330 767 .·
1367 736 1485 769 DIST
1514 735 1575 768 IX.
1677 735 1724 779 63

444 826 626 862 nebuloso
657 826 692 862 in
719 827 863 873 hyeme¹
888 827 950 872 qui
974 838 999 862 a
1026 826 1139 872 longe
1161 827 1305 862 videtur
1330 826 1394 862 sed
1422 837 1494 861 non
1523 827 1570 862 de
1595 837 1724 873 prope,

444 888 485 919 et
511 888 638 920 tamen
668 896 730 920 aer
757 895 959 930 vaporosus
987 883 1174 920 uniformis
1208 889 1263 920 est
1296 885 1332 920 in
1361 883 1543 920 densitate
1569 889 1606 920 et
1634 882 1724 920 rari·

444 946 536 977 tate.
596 941 671 978 Sed
706 955 729 978 a
770 942 944 978 distantia
982 954 1117 988 magna
1150 942 1292 978 videtur
1327 947 1478 989 propter
1514 941 1584 978 hoc
1623 941 1723 987 quod

444 1004 571 1043 potest
603 999 799 1034 terminare
835 1000 994 1046 speciem
1028 1000 1128 1035 visus
1160 1005 1200 1037 et
1232 1000 1265 1035 ei
1299 999 1486 1041 resistere:
1527 1004 1566 1034 et
1598 999 1650 1034 sic
1683 998 1724 1034 fit

444 1056 597 1098 visibile,
626 1057 725 1103 quod
759 1069 832 1093 non
866 1062 991 1104 potest
1021 1057 1139 1093 facere
1172 1058 1222 1093 de
1253 1069 1370 1104 prope
1401 1062 1553 1103 propter
1585 1057 1725 1092 fortitu-

444 1114 570 1150 dinem
610 1114 744 1161 speciei
783 1117 895 1151 visus,
958 1116 1038 1152 Nec
1079 1120 1135 1151 ent
1176 1115 1347 1162 deceptio
1386 1114 1495 1158 visus,
1536 1114 1623 1161 quia
1663 1127 1726 1150 aer

445 1172 508 1207 ille
538 1183 740 1219 vaporosus
772 1172 886 1209 habet
919 1173 1097 1209 rationem
1130 1172 1276 1219 objecti,
1308 1184 1403 1220 quae
1435 1173 1527 1208 ratio
1560 1172 1725 1209 consistit

444 1231 646 1266 secundum
670 1230 899 1266 Avicennam
931 1229 968 1266 in
998 1231 1068 1266 hoc
1097 1231 1197 1276 quod
1228 1236 1352 1276 potest
1378 1231 1494 1266 visum
1522 1230 1726 1266 terminare.

445 1287 627 1324 Similiter
648 1288 732 1324 dico
752 1287 823 1331 hic,
840 1289 939 1334 quod
963 1299 1034 1331 aer,
1051 1289 1108 1324 vei
1126 1289 1283 1334 sphaera
1305 1289 1410 1335 ignis¹
1426 1288 1483 1324 vel
1507 1288 1661 1332 coelum,
1678 1288 1725 1322 de

444 1355 562 1392 prope
588 1350 627 1382 et
657 1356 680 1382 a
707 1345 817 1392 longe
846 1351 902 1382 est
928 1344 1061 1382 similis
1084 1344 1243 1382 raritatis
1270 1351 1447 1393 quantum
1478 1345 1525 1381 ad
1556 1355 1723 1382 sensum:

443 1402 511 1439 sed
539 1408 667 1440 tamen
695 1403 807 1440 habet
836 1402 973 1450 aliquid
1001 1403 1196 1440 densitatis
1225 1402 1272 1440 de
1305 1412 1371 1440 sua
1400 1408 1541 1446 natura,
1567 1407 1605 1439 et
1633 1403 1725 1440 haec

444 1459 609 1495 densitas
636 1465 760 1506 potest
788 1461 947 1506 speeiem
971 1459 1070 1496 visus
1097 1461 1132 1495 in
1158 1472 1294 1507 magna
1319 1458 1495 1496 distantia
1518 1461 1725 1502 terminare.

443 1517 546 1564 quod
575 1527 648 1553 non
679 1523 803 1564 potest
830 1519 948 1553 facere
977 1519 1014 1553 in
1043 1528 1168 1565 parva,
1194 1524 1232 1554 et
1261 1519 1345 1554 ideo
1374 1516 1467 1554 bene
1493 1515 1676 1554 videbitur
1703 1529 1725 1554 a

444 1573 657 1622 longinquo,
690 1574 755 1610 sed
788 1586 863 1611 non
897 1575 943 1611 de
977 1586 1101 1623 prope.
1157 1575 1268 1622 Quod
1303 1587 1392 1623 ergo
1423 1573 1513 1612 dicit
1545 1575 1725 1618 Alhazen.

443 1632 546 1677 quod
564 1632 708 1668 visibile
724 1632 837 1668 habet
857 1634 1037 1669 excedere
1057 1631 1279 1669 densitatem
1301 1634 1403 1676 aeris,
1421 1638 1458 1669 et
1475 1639 1583 1668 vocat
1603 1644 1725 1668 aerem

444 1688 677 1736 perspicuum
711 1695 832 1726 totum
871 1702 988 1736 usque
1024 1689 1072 1726 ad
1110 1687 1248 1733 stellas,
1280 1691 1556 1737 intelligendum
1596 1696 1654 1726 est
1689 1690 1726 1725 in

443 1746 649 1783 visibilibus
668 1747 852 1783 consuetis
872 1758 967 1793 quae
988 1747 1023 1783 in
1048 1747 1174 1784 debita
1196 1746 1372 1784 distantia
1394 1754 1432 1784 et
1455 1748 1492 1783 in
1516 1747 1726 1784 fortitudine

442 1804 547 1840 visus
561 1810 717 1851 possunt
729 1803 855 1840 videri.
892 1805 1019 1852 Quare
1033 1816 1120 1840 vero
1137 1812 1312 1853 appareat
1330 1805 1461 1841 coloris
1476 1806 1662 1852 vergentis
1678 1806 1725 1841 ad

444 1863 602 1908 nigrum,
626 1862 763 1898 scilicet
788 1862 921 1899 coloris
948 1862 1114 1906 caerulei,
1141 1869 1199 1899 est
1224 1869 1374 1910 propter
1399 1863 1477 1903 hoc,
1503 1863 1603 1909 quod
1629 1862 1726 1898 sieut

444 1919 484 1955 in
505 1930 602 1966 aqua
624 1919 806 1967 profunda
830 1926 986 1967 apparet
1009 1918 1174 1956 similiter
1199 1919 1261 1956 ille
1285 1920 1385 1956 color
1407 1926 1556 1968 propter
1577 1920 1726 1956 umbras

444 1976 630 2025 projectas
655 1989 677 2012 a
707 1977 881 2024 partibus,
906 1986 954 2014 ex
983 1977 1118 2024 quibus
1147 1978 1288 2014 umbris
1315 1977 1482 2015 redditur
1511 1978 1726 2019 obscuritas.

443 2046 542 2080 quae
559 2040 616 2071 eet
631 2034 759 2070 similis
777 2035 968 2081 nigredini,
984 2036 1037 2071 sic
1059 2040 1114 2071 est
1131 2036 1168 2071 in
1192 2047 1276 2071 aere
1299 2036 1376 2072 sive
1399 2037 1518 2072 medio
1543 2037 1637 2072 inter
1658 2047 1727 2072 nos

443 2098 485 2128 et
512 2091 655 2128 coelum
686 2092 867 2128 ultimum.
919 2092 960 2129 Si
990 2105 1077 2129 vero
1103 2093 1255 2139 aliquod
1284 2102 1414 2140 corpus
1443 2094 1603 2130 coeleste
1632 2099 1727 2130 esset

444 2150 616 2194 densum,
636 2155 725 2186 tunc
750 2156 875 2197 posset
899 2150 972 2185 dici
997 2151 1098 2196 quod
1123 2149 1212 2187 illud
1240 2157 1336 2187 esset
1359 2151 1502 2187 vieibile
1527 2150 1727 2199 principale

444 2207 547 2253 quod
570 2208 689 2243 visum
718 2208 940 2249 terminaret,
960 2211 997 2245 et
1021 2214 1143 2245 toturn
1168 2209 1401 2256 perspicuum
1427 2209 1521 2245 inter
1545 2209 1663 2255 ipsum
1691 2215 1743 2257 et,

444 2263 593 2300 oculum
633 2276 706 2300 non
747 2265 1003 2311 perciperetur,
1039 2267 1105 2301 nisi
1141 2267 1228 2312 quia
1260 2267 1359 2302 visus
1391 2266 1546 2313 percipit
1579 2278 1618 2301 se
1656 2278 1729 2302 non

444 2322 644 2363 terminari,
660 2327 857 2369 antequam
881 2323 1021 2369 species
1043 2323 1119 2369 ejus
1137 2323 1261 2359 veniat
1283 2324 1330 2359 ad
1350 2323 1439 2360 illud
1458 2324 1625 2359 densum.
1677 2323 1727 2359 Et

444 2380 664 2417 aestimatur
677 2392 701 2416 a
724 2380 950 2427 sapientibus
967 2381 1201 2423 astronomis,
1216 2381 1279 2427 qui
1296 2381 1523 2427 theologiam
1547 2381 1729 2427 ignorant,

444 2437 548 2483 quod
570 2437 711 2473 eoelum
735 2438 921 2474 stellatum
946 2438 992 2473 sit
1017 2439 1152 2484 ubique
1174 2439 1342 2474 densum.
1392 2438 1465 2474 Sed
1490 2438 1597 2473 aliter
1618 2438 1727 2474 aesti-

445 2499 580 2538 matur,
607 2494 744 2530 scilicet
777 2495 877 2540 quod
910 2495 1010 2540 illud,
1039 2496 1139 2542 quod
1168 2495 1316 2532 videtur
1347 2496 1512 2542 superius
1545 2496 1592 2532 ad
1627 2496 1727 2542 quod

444 2552 665 2589 terminatur
691 2553 800 2596 visus,
829 2552 878 2589 sit
908 2550 1048 2589 coelum
1077 2564 1245 2599 aqueum.
1298 2553 1394 2590 Nam
1425 2552 1585 2589 coIorem
1616 2551 1729 2589 habet

443 2609 541 2645 sieut
567 2620 663 2655 aqua
692 2610 802 2645 maris
828 2610 898 2652 hic,
923 2615 961 2646 et
990 2610 1079 2646 illud
1108 2610 1251 2646 coelum
1276 2611 1443 2646 videmus
1472 2621 1536 2657 per
1567 2611 1725 2645 medium

444 2666 631 2704 coelorum
650 2666 816 2703 omnium
835 2673 919 2704 octo
937 2679 1032 2714 quae
1048 2674 1132 2704 sunt
1145 2669 1248 2703 citra.
1285 2669 1372 2703 Non
1390 2669 1487 2703 enim
1507 2673 1561 2703 est
1574 2666 1727 2703 dubium

443 2723 633 2770 theologis
672 2730 711 2760 et
746 2724 1088 2772 philosophantibus
1130 2725 1330 2761 secundum
1373 2722 1598 2771 theologiam
1641 2725 1727 2771 quin

445 2780 590 2817 coelum
608 2793 744 2817 nonum
759 2782 809 2817 sit
829 2781 1034 2829 aqueum&
1061 2790 1099 2819 et
1122 2789 1210 2818 tunc
1234 2783 1327 2818 ultra
1350 2783 1436 2818 illud
1456 2789 1511 2818 eat
1532 2782 1727 2817 decimum.

445 2839 525 2876 Sed
542 2839 590 2875 de
606 2837 664 2875 his
679 2837 767 2875 alibi
784 2851 903 2875 sermo
921 2846 977 2875 est
994 2841 1172 2886 proprius.

484 2930 496 2949 ¹
515 2932 587 2961 'lhi-
596 2933 788 2968 compen-:is
797 2937 826 2961 tn
838 2934 886 2962 the
896 2934 958 2961 chlo
967 2935 1121 2968 crystallsho
1130 2935 1163 2962 os
1169 2935 1274 2967 Dante,
1286 2934 1391 2962 Pamd.
1400 2933 1574 2961 xxvii-xxia
1608 2931 1729 2961 Neither

447 2976 535 3012 bere,
549 2975 697 3013 houm,
708 2985 765 3005 nor
777 2977 806 3004 in
819 2977 869 3004 the
881 2977 990 3005 second
1007 2977 1118 3006 aeetion
1131 2978 1165 3005 οἷ
1174 2978 1223 3006 the
1236 2977 1360 3013 Cunaro,
1374 2978 1402 3005 in
1415 2977 1512 3005 which
1525 2978 1575 3005 the
1587 2977 1729 3013 heeveoly
