2350 3580
890 1178 1066 1219 PARS
1111 1178 1379 1229 QUARTA

705 1318 1227 1356 MULTIPLICATIONIS
1262 1319 1581 1356 SPECIERUM.

983 1491 1233 1529 cnm-unum
1265 1491 1295 1527 1.

837 1576 842 1580 ⁴
888 1589 1014 1625 Habet
1030 1590 1125 1626 duas
1140 1590 1399 1626 conclusiones.

551 1679 694 1716 Habito
710 1680 759 1715 de
774 1681 1008 1726 generatione
1024 1680 1157 1726 speciei
1176 1685 1213 1716 et
1231 1678 1447 1727 figuratione
1465 1680 1778 1727 multiplicationis
1791 1683 1949 1712 Κάππα·

499 1748 589 1772 suae
607 1749 630 1773 a
652 1737 735 1772 loco
757 1737 1014 1784 generationis,
1031 1737 1178 1784 insuper
1201 1738 1249 1772 de
1273 1736 1626 1783 existentia·speciei
1652 1738 1776 1773 multi·
1790 1720 1912 1785 ffeffl‘m
1925 1761 1956 1784 ω

499 1794 654 1840 plicatae
670 1794 706 1829 in
728 1794 860 1837 medio,
876 1805 974 1830 nunc
999 1794 1306 1831 considerandum
1332 1801 1388 1830 est
1413 1795 1463 1830 de
1485 1797 1562 1839 eJ'us
1587 1794 1777 1831 debilitate
1791 1793 1914 1830 ‘heim‘

498 1857 538 1888 et
565 1853 789 1898 quibusdam
818 1851 984 1888 annexis.
1035 1851 1098 1887 Ad
1122 1852 1202 1898 ejus
1225 1863 1312 1888 vero
1336 1852 1566 1888 debilitatem
1591 1853 1778 1899 quaeritur
1791 1828 1941 1894 menfi-

498 1906 628 1953 primo,
644 1918 691 1943 an
717 1907 879 1943 medium
903 1907 936 1943 ei
961 1906 1116 1949 resistat,
1132 1911 1170 1942 et
1194 1913 1298 1954 patet
1322 1907 1424 1952 quod
1449 1907 1509 1952 sic,
1526 1919 1592 1953 per
1608 1908 1777 1944 Alhazen
1790 1901 1918 1966 fiffisffi

490 1970 537 2000 et
562 1969 724 2000 caeteros
739 1970 908 2000 auctores
925 1964 1169 2010 Aspectuum.
1220 1964 1318 2000 Nam
1344 1965 1414 2000 hoc
1438 1965 1568 2000 dicunt
1592 1976 1777 2011 expresse.
1791 1946 1962 2002 ΐοινεᾱοὶῗι

501 2022 598 2057 Item
614 2023 689 2058 sive
707 2023 756 2057 sit
773 2028 904 2058 natura
920 2022 1149 2058 elementaris
1167 2034 1278 2068 agens
1295 2023 1371 2057 sive
1384 2034 1610 2069 consequens
1622 2024 1668 2058 ad
1683 2034 1775 2065 eam,
1791 2011 1839 2039 ὼε
1851 2019 1922 2075 Ρῗζζ,

501 2085 542 2115 ut
567 2090 677 2126 sapor
699 2085 738 2116 et
763 2080 856 2115 odor
880 2085 918 2116 et
942 2079 1162 2125 hujusmodi,
1182 2080 1257 2115 sive
1282 2079 1330 2115 sit
1355 2085 1485 2115 natura
1511 2080 1612 2122 coeli,
1630 2091 1777 2116 necesse
1792 2083 1825 2111 or
1834 2084 1917 2112 some.

499 2143 557 2173 est
574 2137 851 2174 rarefactionem
869 2137 946 2172 fieri
963 2142 1001 2173 et
1018 2138 1276 2180 densationem,
1294 2137 1382 2183 quia
1409 2138 1496 2172 nihil
1521 2143 1716 2184 generatur
1739 2138 1775 2173 in

499 2201 633 2231 natura
656 2195 735 2230 sine
761 2195 850 2238 istis,
874 2195 962 2241 quia
991 2194 1062 2230 hae
1093 2199 1179 2230 sunt
1213 2195 1350 2240 primae
1382 2195 1570 2241 passiones
1602 2195 1778 2231 materiae

501 2252 680 2289 naturalis
705 2253 752 2288 ad
779 2264 872 2298 quas
897 2252 990 2288 aliae
1015 2258 1297 2297 consequuntur,
1316 2257 1356 2287 ut
1374 2251 1619 2288 Aristoteles¹
1637 2252 1716 2288 vult
1741 2252 1777 2287 in

500 2315 634 2346 octavo
646 2310 886 2356 Physioorum
897 2315 936 2345 et
949 2310 1043 2346 alibi.
1078 2309 1154 2346 Sed
1173 2321 1294 2346 rarum
1309 2310 1524 2346 naturaliter
1540 2310 1674 2345 resistit
1691 2321 1779 2345 con-

500 2367 718 2409 densafioni,
735 2372 774 2403 et
795 2367 950 2403 densum
976 2367 1214 2409 rates-actioni,
1234 2378 1346 2413 quare
1371 2373 1519 2414 oportet
1543 2367 1643 2413 quod
1669 2378 1778 2403 omne

502 2425 665 2460 medium
689 2425 766 2460 sive
792 2436 913 2460 rarum
939 2425 1016 2460 sive
1039 2425 1193 2460 densum
1219 2426 1373 2460 resistat.
1425 2424 1476 2460 Et
1505 2424 1672 2460 Alhazen
1698 2424 1778 2460 vult

499 2482 601 2528 quod
625 2493 747 2518 rarum
774 2482 886 2518 habet
911 2481 1022 2517 finem
1046 2487 1083 2517 et
1107 2488 1245 2518 statum
1271 2483 1307 2517 in
1333 2482 1547 2528 corporibus
1572 2482 1709 2525 mundi,
1727 2482 1779 2518 ita

502 2541 604 2585 quod
622 2540 737 2575 rarius
761 2539 877 2585 possit
902 2539 1055 2585 intelligi
1072 2551 1163 2583 esse,
1180 2539 1265 2575 licet
1292 2551 1364 2575 non
1389 2541 1446 2575 sit.
1499 2539 1550 2574 Et
1567 2539 1652 2575 ideo
1669 2551 1778 2575 omne

502 2608 623 2633 rarum
640 2603 698 2633 est
714 2598 915 2643 respective
931 2597 1097 2640 densum,
1114 2597 1199 2633 licet
1217 2608 1289 2633 non
1304 2597 1484 2633 absolute.
1548 2597 1598 2632 Et
1622 2597 1777 2633 densum

502 2661 631 2690 natum
648 2660 704 2690 est
720 2666 785 2701 per
806 2666 846 2690 se
867 2655 1042 2698 resistere,
1058 2655 1151 2690 sicut
1176 2655 1286 2690 docet
1302 2654 1484 2690 Alhazen.
1536 2654 1586 2690 Et
1611 2654 1779 2690 videmus

501 2712 574 2749 hoc
591 2723 656 2759 per
671 2712 965 2759 experimentum
984 2723 1177 2759 corporum
1195 2713 1390 2749 densorum
1404 2711 1630 2757 objectorum
1644 2712 1779 2757 speciei

502 2770 603 2814 lucis,
620 2775 658 2805 et
680 2770 847 2811 aliorum,
864 2776 1015 2816 propter
1036 2770 1271 2815 quod-omne
1295 2780 1429 2815 corpus
1452 2775 1779 2815 quantumcunque

500 2838 624 2863 rarum
640 2827 776 2862 resistit
793 2827 937 2873 speciei.

497 2903 635 2982 ‘aL-Igu.
648 2903 792 2937 Aeaee-alt„
804 2902 852 2931 lib.
866 2903 923 2965 xiii.
938 2911 998 2938 cap.
1014 2911 1039 2937 7,
1056 2906 1069 2937 5
1082 2911 1100 2930 2
1120 2901 1224 2930 πάντων
1242 2903 1296 2930 τῶν
1312 2903 1474 2939 παθημάτων
1490 2902 1563 2938 ἁρχὴ
1582 2902 1713 2930 πύκνωσις
1733 2901 1779 2930 καὶ

592 2956 623 2975 ιι.
