2350 3580
444 1313 493 1340 Six
506 1320 568 1348 pro-

624 501 692 547 438
918 501 1018 536 uUL
1023 500 1205 535 TIPLICA
1212 502 1243 534 T
1238 501 1291 534 10
1316 499 1598 534 SPECJERUM.

626 592 838 638 hujusmodi
862 591 1047 637 apparitio
1074 596 1133 627 est
1157 591 1308 637 species,
1332 596 1372 627 et
1408 601 1482 627 non
1507 595 1563 626 est
1597 590 1652 625 ita
1676 589 1792 626 vivus
1818 589 1918 626 color

627 651 722 688 sicut
745 655 911 696 apparet,
933 654 973 685 et
997 648 1120 691 habet,
1134 649 1224 685 satis
1259 658 1386 694 parum
1410 648 1458 684 de
1483 659 1573 690 esse,
1599 652 1640 683 ut
1667 646 1771 684 bene
1799 647 1920 694 possit

627 707 733 744 educi
766 707 815 743 de
856 706 1023 753 potentia
1063 706 1237 742 materiae
1276 706 1394 752 opaci.
1445 706 1542 741 Item
1584 716 1780 751 ponamus
1813 705 1918 752 quod

626 765 764 801 habeat
779 768 924 800 tantum
941 763 989 799 de
1006 774 1086 799 esse
1100 763 1196 799 sicut
1217 769 1385 809 apparet,
1401 763 1489 809 quid
1513 762 1688 809 prohibet
1714 762 1849 808 ipsum
1872 763 1919 799 de

629 821 795 868 potentia
810 821 943 857 saltem
959 821 1121 867 corporis
1138 821 1248 856 mixti
1262 821 1383 861 educi,
1399 820 1487 866 quia
1507 830 1665 866 corpora
1683 820 1816 857 mixta
1833 826 1920 857 nata

628 884 715 915 sunt
739 878 920 928 colorari?
969 878 1051 914 Nos
1074 878 1174 914 enim
1197 878 1376 917 videmus,
1394 877 1533 914 multos
1564 877 1724 913 effectus
1759 884 1921 914 naturae

628 936 835 982 completos
859 936 985 971 subito
1010 936 1117 982 quasi
1142 934 1230 978 fieri,
1256 941 1297 972 ut
1331 944 1405 971 una
1427 934 1582 972 candela
1607 936 1848 971 accendatur
1871 936 1921 971 ab

629 994 712 1037 alia,
728 999 767 1029 et
783 992 1055 1030 combustibilia
1076 993 1203 1029 statim
1230 993 1427 1040 igniuntur,
1440 1003 1528 1028 cum
1551 992 1627 1038 igni
1651 992 1921 1039 applicantium

629 1062 742 1098 quare
758 1050 923 1087 similiter
943 1056 1067 1097 potest
1083 1061 1165 1086 esse
1180 1049 1251 1087 hic.

1094 1204 1346 1241 Cunnum
1375 1204 1440 1241 IV.

681 1299 757 1336 Sed
774 1310 871 1336 nunc
887 1299 935 1335 ad
958 1298 1021 1336 illa
1041 1298 1186 1345 plenius
1200 1297 1448 1348 'intelligenda
1470 1304 1618 1346 oportet
1641 1298 1794 1335 annecti
1818 1299 1920 1346 capi-

444 1349 590 1413 ζ’ῗῗῇω·
631 1357 752 1395 tulum
784 1363 966 1404 quartum,
997 1358 1099 1403 quod
1137 1357 1250 1394 habet
1282 1369 1350 1394 sex
1383 1357 1646 1394 conclusiones.
1699 1356 1832 1392 Prima
1863 1363 1919 1392 est

445 1420 571 1449 mnne-t
631 1416 733 1462 quod
764 1415 812 1451 ad
845 1425 959 1461 agens
993 1415 1030 1451 in
1065 1414 1134 1450 hae
1176 1414 1364 1451 influentia
1398 1426 1471 1451 non
1513 1415 1677 1461 exigitur
1719 1415 1919 1461 quantitas

445 1457 573 1494 quantity
581 1456 614 1485 ot

445 1502 482 1522 tn
564 1497 578 1521 t

631 1472 888 1510 determinata.
937 1471 1109 1508 Secunda
1146 1478 1212 1516 est,
1244 1473 1345 1518 quod
1387 1477 1509 1508 totum
1551 1483 1664 1518 agens
1703 1472 1919 1508 secundum

445 1531 471 1558 ἰ*
570 1537 605 1557 ve
633 1530 769 1567 lineam
792 1529 1051 1576 profunditatis
1071 1541 1159 1566 suae
1181 1530 1258 1576 agit
1279 1530 1480 1567 secundum
1503 1541 1543 1565 se
1559 1535 1678 1565 totum
1697 1530 1736 1564 in
1754 1530 1918 1575 patiens,

448 1566 476 1594 in
490 1566 527 1595 its

446 1602 555 1639 degree.

634 1593 674 1625 et
706 1599 779 1624 non
813 1587 934 1633 aliqua
958 1587 1039 1624 sola
1064 1598 1148 1633 pars
1181 1587 1374 1634 signanda.
1433 1587 1560 1623 Tertia
1585 1591 1652 1628 est,
1677 1587 1783 1632 quod
1804 1597 1918 1623 omne

634 1656 748 1692 agens
763 1645 915 1691 attingit
939 1644 1102 1691 aliquam
1119 1650 1264 1691 partem
1282 1645 1456 1692 patientis
1472 1655 1585 1691 quam
1601 1648 1729 1690 potest
1746 1642 1917 1686 alterare,

633 1708 671 1739 et
687 1713 760 1738 non
778 1701 872 1749 plus.
922 1697 1074 1747 Quarta,
1091 1702 1191 1748 quod
1211 1702 1331 1737 minus
1356 1713 1470 1748 quam
1487 1702 1577 1737 illud
1594 1712 1667 1737 non
1686 1706 1818 1748 potent
1836 1712 1918 1737 esee

632 1760 838 1806 subjectum
859 1760 1041 1796 sufficiens
1063 1760 1228 1803 actionis,
1245 1766 1286 1796 ut
1313 1765 1370 1795 est
1396 1760 1433 1795 in
1455 1771 1524 1795 suo
1548 1765 1642 1796 toto.
1691 1758 1841 1805 Quinta
1862 1764 1917 1795 est

634 1818 734 1864 quod
751 1817 931 1853 medietas
947 1817 1090 1864 agentis
1107 1828 1180 1852 non
1197 1817 1329 1854 alterat
1346 1829 1457 1853 unam
1476 1818 1724 1858 medietatem,
1743 1822 1782 1852 et
1799 1817 1918 1853 altera

636 1875 814 1912 medietas
825 1875 947 1911 aliam.
997 1875 1124 1918 Sexta,
1141 1876 1242 1920 quod
1255 1875 1433 1911 medietas
1444 1876 1583 1922 primae
1601 1874 1715 1920 partis
1733 1874 1915 1920 patientis

634 1933 789 1969 alterata
806 1943 879 1968 non
903 1937 1027 1979 potest
1048 1933 1247 1968 secundam
1265 1932 1429 1968 alterare.

448 1999 620 2038 nmmos.
684 1990 806 2030 Prima
838 1991 949 2037 igitur
982 1996 1048 2034 est,
1072 1991 1173 2036 quod
1206 1990 1254 2025 ad
1287 2001 1400 2037 agens
1437 1990 1474 2025 in
1508 1989 1575 2024 hac
1608 1988 1800 2025 influentia
1841 2001 1916 2026 non

635 2048 798 2093 exigitur
812 2048 1001 2093 quantitas
1017 2048 1269 2091 determinata,
1288 2048 1340 2084 ita
1356 2048 1457 2094 quod
1477 2048 1513 2082 in
1537 2047 1667 2083 minori
1694 2058 1769 2082 non
1793 2048 1918 2093 possit

634 2115 754 2152 agere.
803 2104 902 2140 Nam
943 2110 1030 2141 tunc
1064 2105 1101 2140 in
1145 2104 1254 2141 rebus
1296 2105 1507 2141 inanimatis
1548 2109 1737 2151 oporteret
1774 2115 1918 2150 ponere

634 2163 808 2198 virtutem
834 2163 1160 2209 augmentativam,
1189 2163 1283 2199 sicut
1313 2162 1349 2198 in
1386 2163 1565 2204 animatis,
1595 2168 1635 2198 ut
1665 2173 1730 2208 per
1760 2162 1918 2208 aliquod

635 2219 825 2266 corporale
851 2220 997 2255 veniens
1026 2220 1312 2257 convertendum
1338 2220 1375 2255 in
1400 2232 1477 2256 rem
1506 2217 1773 2255 inanimatam¹
1797 2220 1920 2256 virtus

637 2277 699 2313 illa
716 2278 990 2324 augmentativa
1006 2278 1156 2313 duceret
1182 2277 1280 2313 illam
1307 2288 1384 2313 rem
1409 2278 1457 2313 ad
1477 2276 1643 2312 debitam
1663 2277 1919 2323 quantitatem

637 2335 673 2371 in
697 2346 772 2381 qua
797 2336 910 2381 possit
944 2336 1099 2382 operari,
1124 2336 1217 2372 sicut
1250 2336 1383 2371 accidit
1407 2335 1455 2371 de
1479 2334 1650 2370 animatis
1676 2345 1742 2380 pro
1769 2335 1921 2371 actione

636 2392 834 2440 generandi
852 2393 1053 2428 secundum
1074 2393 1389 2440 propagationem.
1442 2391 1545 2429 Haec
1568 2392 1667 2428 enim
1684 2398 1742 2429 est
1759 2393 1920 2429 necessi-

636 2456 695 2487 tas
710 2461 824 2497 quare
841 2450 877 2486 in
891 2451 998 2486 rebus
1014 2451 1185 2486 animatis
1197 2455 1253 2486 est
1270 2450 1538 2496 augmentatio.
1589 2449 1664 2486 Sed
1679 2449 1779 2486 istud
1790 2450 1920 2487 locum

638 2519 711 2544 non
728 2507 842 2544 habet
858 2507 894 2543 in
912 2508 1019 2543 rebus
1043 2508 1260 2550 inanimatis,
1277 2519 1391 2553 quare
1407 2508 1454 2543 ad
1479 2506 1663 2543 actionem
1687 2518 1815 2543 mrum
1841 2519 1919 2544 non

638 2566 831 2612 requiritur
853 2566 1040 2611 quantitas
1064 2566 1321 2602 determinata.
1372 2565 1422 2601 Et
1451 2565 1540 2601 haec
1567 2570 1625 2601 est
1651 2565 1751 2600 actio
1779 2566 1921 2611 speciei

674 2650 684 2666 ¹
701 2651 863 2685 animatam,
876 2650 917 2684 J.,
930 2651 1027 2679 which
1038 2651 1152 2679 vitiata
1167 2651 1216 2679 the
1232 2652 1394 2686 monning,
1407 2650 1599 2681 inanimatam.
1612 2648 1648 2678 0.
1687 2648 1750 2677 'nie
1765 2655 1923 2685 argument

638 2698 712 2722 rents
726 2702 804 2729 upon
823 2703 861 2722 an
881 2695 1006 2729 entirely
1015 2695 1075 2729 just
1090 2695 1287 2731 apprecintion
1307 2694 1340 2723 ot
1354 2695 1404 2723 the
1423 2693 1579 2722 difference
1597 2693 1732 2721 between
1752 2692 1844 2728 living
1862 2695 1923 2722 and

637 2738 712 2766 dead
724 2742 835 2766 matter.
