<?xml version="1.0" encoding="UTF-8"?>
<!DOCTYPE html PUBLIC "-//W3C//DTD XHTML 1.0 Transitional//EN"
    "http://www.w3.org/TR/xhtml1/DTD/xhtml1-transitional.dtd">
<html xmlns="http://www.w3.org/1999/xhtml" xml:lang="en" lang="en">
 <head>
  <title>
</title>
<meta http-equiv="Content-Type" content="text/html;charset=utf-8" />
  <meta name='ocr-system' content='tesseract 3.04.00' />
  <meta name='ocr-capabilities' content='ocr_page ocr_carea ocr_par ocr_line ocrx_word'/>
</head>
<body>
  <div class='ocr_page' id='page_1' title='image "./opusmajusrogerb00bridgoog/opusmajusrogerb00bridgoog_0368.png"; bbox 0 0 2350 3580; ppageno 0'>
   <div class='ocr_carea' id='block_1_1' title="bbox 609 703 1658 749">
    <p class='ocr_par' dir='ltr' id='par_1_1' title="bbox 609 703 1658 749">
     <span class='ocr_line' id='line_1_1' title="bbox 609 703 1658 749; baseline 0.002 -11"><span class='ocrx_word' id='word_1_1' title='bbox 609 703 679 749; x_wconf 80' lang='grc'><strong>356</strong></span> <span class='ocrx_word' id='word_1_2' title='bbox 848 705 1022 740; x_wconf 69' lang='lat' dir='ltr'><em>OPERIS</em></span> <span class='ocrx_word' id='word_1_3' title='bbox 1047 706 1256 746; x_wconf 58' lang='lat' dir='ltr'><em>MAIORIS</em></span> <span class='ocrx_word' id='word_1_4' title='bbox 1282 706 1410 740; x_wconf 75' lang='lat' dir='ltr'><strong><em>PARS</em></strong></span> <span class='ocrx_word' id='word_1_5' title='bbox 1435 706 1658 740; x_wconf 64' lang='lat' dir='ltr'><strong>sepulta.</strong></span> 
     </span>
    </p>
   </div>
   <div class='ocr_carea' id='block_1_2' title="bbox 422 796 1887 2802">
    <p class='ocr_par' dir='ltr' id='par_1_2' title="bbox 422 796 1887 2802">
     <span class='ocr_line' id='line_1_2' title="bbox 614 796 1886 842; baseline -0.001 -10"><span class='ocrx_word' id='word_1_6' title='bbox 614 806 800 832; x_wconf 82' lang='lat' dir='ltr'><strong>removere</strong></span> <span class='ocrx_word' id='word_1_7' title='bbox 831 807 1019 842; x_wconf 83' lang='lat' dir='ltr'><strong>pompam,</strong></span> <span class='ocrx_word' id='word_1_8' title='bbox 1048 801 1086 832; x_wconf 84' lang='lat' dir='ltr'><strong>et</strong></span> <span class='ocrx_word' id='word_1_9' title='bbox 1118 808 1208 835; x_wconf 72' lang='lat' dir='ltr'><strong>usus</strong></span> <span class='ocrx_word' id='word_1_10' title='bbox 1239 807 1372 841; x_wconf 81' lang='lat' dir='ltr'><strong>rerum,</strong></span> <span class='ocrx_word' id='word_1_11' title='bbox 1400 809 1474 835; x_wconf 83' lang='lat' dir='ltr'><strong>non</strong></span> <span class='ocrx_word' id='word_1_12' title='bbox 1505 803 1725 835; x_wconf 75' lang='lat' dir='ltr'><strong>ornamenta</strong></span> <span class='ocrx_word' id='word_1_13' title='bbox 1756 796 1886 835; x_wconf 81' lang='lat' dir='ltr'><strong>metiri.</strong></span> 
     </span>
     <span class='ocr_line' id='line_1_3' title="bbox 615 851 1886 900; baseline 0.002 -11"><span class='ocrx_word' id='word_1_14' title='bbox 615 851 728 889; x_wconf 77' lang='lat' dir='ltr'><strong>Cibus</strong></span> <span class='ocrx_word' id='word_1_15' title='bbox 745 853 879 890; x_wconf 81' lang='lat' dir='ltr'><strong>samem</strong></span> <span class='ocrx_word' id='word_1_16' title='bbox 896 854 1034 897; x_wconf 81' lang='lat' dir='ltr'><strong>domet,</strong></span> <span class='ocrx_word' id='word_1_17' title='bbox 1043 855 1149 900; x_wconf 86' lang='lat' dir='ltr'><strong>potio</strong></span> <span class='ocrx_word' id='word_1_18' title='bbox 1164 855 1263 891; x_wconf 73' lang='lat' dir='ltr'><strong>sitim</strong></span> <span class='ocrx_word' id='word_1_19' title='bbox 1283 881 1292 890; x_wconf 88' lang='lat'><strong>.</strong></span> <span class='ocrx_word' id='word_1_20' title='bbox 1312 881 1319 890; x_wconf 97' lang='lat'>.</span> <span class='ocrx_word' id='word_1_21' title='bbox 1339 881 1345 890; x_wconf 95' lang='lat'><em>.</em></span> <span class='ocrx_word' id='word_1_22' title='bbox 1363 856 1547 892; x_wconf 61' lang='lat' dir='ltr'><strong>diseamus</strong></span> <span class='ocrx_word' id='word_1_23' title='bbox 1563 855 1738 892; x_wconf 72' lang='lat' dir='ltr'><strong>membris</strong></span> <span class='ocrx_word' id='word_1_24' title='bbox 1753 856 1886 892; x_wconf 69' lang='lat' dir='ltr'><strong>nostris</strong></span> 
     </span>
     <span class='ocr_line' id='line_1_4' title="bbox 612 910 1887 960; baseline 0.002 -14"><span class='ocrx_word' id='word_1_25' title='bbox 612 910 726 954; x_wconf 81' lang='lat' dir='ltr'><strong>inniti,</strong></span> <span class='ocrx_word' id='word_1_26' title='bbox 755 910 895 947; x_wconf 82' lang='lat' dir='ltr'><strong>cultum</strong></span> <span class='ocrx_word' id='word_1_27' title='bbox 923 911 1134 958; x_wconf 83' lang='lat' dir='ltr'><strong>victumque</strong></span> <span class='ocrx_word' id='word_1_28' title='bbox 1163 923 1238 948; x_wconf 86' lang='lat' dir='ltr'><strong>non</strong></span> <span class='ocrx_word' id='word_1_29' title='bbox 1268 912 1314 948; x_wconf 85' lang='lat' dir='ltr'><strong>ad</strong></span> <span class='ocrx_word' id='word_1_30' title='bbox 1345 923 1441 948; x_wconf 77' lang='lat' dir='ltr'><strong>nova</strong></span> <span class='ocrx_word' id='word_1_31' title='bbox 1466 911 1638 960; x_wconf 76' lang='lat' dir='ltr'><strong>exempla</strong></span> <span class='ocrx_word' id='word_1_32' title='bbox 1663 922 1887 959; x_wconf 82' lang='lat' dir='ltr'><strong>componere</strong></span> 
     </span>
     <span class='ocr_line' id='line_1_5' title="bbox 614 968 1885 1017; baseline 0.003 -14"><span class='ocrx_word' id='word_1_33' title='bbox 614 995 622 1003; x_wconf 88' lang='lat'><em>.</em></span> <span class='ocrx_word' id='word_1_34' title='bbox 644 995 652 1002; x_wconf 93' lang='lat'>.</span> <span class='ocrx_word' id='word_1_35' title='bbox 672 995 679 1004; x_wconf 95' lang='lat'>.</span> <span class='ocrx_word' id='word_1_36' title='bbox 695 968 879 1004; x_wconf 74' lang='lat' dir='ltr'><strong>discamus</strong></span> <span class='ocrx_word' id='word_1_37' title='bbox 895 969 1160 1005; x_wconf 69' lang='lat' dir='ltr'><strong>continentiam</strong></span> <span class='ocrx_word' id='word_1_38' title='bbox 1176 981 1321 1017; x_wconf 80' lang='lat' dir='ltr'><strong>augere,</strong></span> <span class='ocrx_word' id='word_1_39' title='bbox 1339 969 1521 1007; x_wconf 80' lang='lat' dir='ltr'><strong>luxuriam</strong></span> <span class='ocrx_word' id='word_1_40' title='bbox 1538 981 1715 1009; x_wconf 79' lang='lat' dir='ltr'><strong>coercete.</strong></span> <span class='ocrx_word' id='word_1_41' title='bbox 1731 970 1885 1016; x_wconf 76' lang='lat' dir='ltr'>gloriam</span> 
     </span>
     <span class='ocr_line' id='line_1_6' title="bbox 614 1026 1887 1074; baseline 0.002 -13"><span class='ocrx_word' id='word_1_42' title='bbox 614 1031 830 1073; x_wconf 87' lang='lat' dir='ltr'><strong>temperare,</strong></span> <span class='ocrx_word' id='word_1_43' title='bbox 850 1026 1074 1062; x_wconf 84' lang='lat' dir='ltr'><strong>iracundiam</strong></span> <span class='ocrx_word' id='word_1_44' title='bbox 1098 1026 1221 1069; x_wconf 86' lang='lat' dir='ltr'><strong>lenire,</strong></span> <span class='ocrx_word' id='word_1_45' title='bbox 1240 1033 1496 1073; x_wconf 74' lang='lat' dir='ltr'>paupertatem</span> <span class='ocrx_word' id='word_1_46' title='bbox 1514 1029 1641 1074; x_wconf 79' lang='lat' dir='ltr'>aequis</span> <span class='ocrx_word' id='word_1_47' title='bbox 1656 1028 1774 1064; x_wconf 72' lang='lat' dir='ltr'><strong>oculis</strong></span> <span class='ocrx_word' id='word_1_48' title='bbox 1789 1028 1887 1074; x_wconf 78' lang='lat' dir='ltr'><strong>aepi-</strong></span> 
     </span>
     <span class='ocr_line' id='line_1_7' title="bbox 613 1082 1885 1131; baseline 0.001 -11"><span class='ocrx_word' id='word_1_49' title='bbox 613 1094 704 1126; x_wconf 82' lang='lat' dir='ltr'><strong>cere‚</strong></span> <span class='ocrx_word' id='word_1_50' title='bbox 719 1082 969 1129; x_wconf 73' lang='lat' dir='ltr'><strong>frugalitatem</strong></span> <span class='ocrx_word' id='word_1_51' title='bbox 986 1083 1115 1127; x_wconf 85' lang='lat' dir='ltr'><strong>colere,</strong></span> <span class='ocrx_word' id='word_1_52' title='bbox 1135 1085 1281 1120; x_wconf 78' lang='lat' dir='ltr'><strong>etiamsi</strong></span> <span class='ocrx_word' id='word_1_53' title='bbox 1305 1085 1443 1121; x_wconf 80' lang='lat' dir='ltr'><strong>multos</strong></span> <span class='ocrx_word' id='word_1_54' title='bbox 1458 1086 1610 1131; x_wconf 83' lang='lat' dir='ltr'><strong>pudebit</strong></span> <span class='ocrx_word' id='word_1_55' title='bbox 1622 1085 1649 1129; x_wconf 87' lang='lat'><strong>¹,</strong></span> <span class='ocrx_word' id='word_1_56' title='bbox 1665 1090 1707 1121; x_wconf 89' lang='lat' dir='ltr'><strong>ut</strong></span> <span class='ocrx_word' id='word_1_57' title='bbox 1727 1085 1885 1131; x_wconf 79' lang='lat' dir='ltr'><strong>populus</strong></span> 
     </span>
     <span class='ocr_line' id='line_1_8' title="bbox 613 1141 1886 1192; baseline 0.001 -14"><span class='ocrx_word' id='word_1_58' title='bbox 613 1141 801 1178; x_wconf 76' lang='lat' dir='ltr'>desideriis</span> <span class='ocrx_word' id='word_1_59' title='bbox 828 1141 1054 1178; x_wconf 78' lang='lat' dir='ltr'><strong>naturalibus</strong></span> <span class='ocrx_word' id='word_1_60' title='bbox 1089 1152 1203 1188; x_wconf 83' lang='lat' dir='ltr'><strong>parvo</strong></span> <span class='ocrx_word' id='word_1_61' title='bbox 1232 1149 1363 1192; x_wconf 59' lang='lat' dir='ltr'><strong>parata</strong></span> <span class='ocrx_word' id='word_1_62' title='bbox 1391 1143 1552 1179; x_wconf 86' lang='lat' dir='ltr'><strong>remedia</strong></span> <span class='ocrx_word' id='word_1_63' title='bbox 1581 1143 1767 1184; x_wconf 82' lang='lat' dir='ltr'><strong>adhibere.</strong></span> <span class='ocrx_word' id='word_1_64' title='bbox 1801 1153 1886 1189; x_wconf 73' lang='lat' dir='ltr'><strong>spes</strong></span> 
     </span>
     <span class='ocr_line' id='line_1_9' title="bbox 613 1199 1886 1238; baseline 0.001 -4"><span class='ocrx_word' id='word_1_65' title='bbox 613 1199 806 1234; x_wconf 72' lang='lat' dir='ltr'><strong>effrenatas</strong></span> <span class='ocrx_word' id='word_1_66' title='bbox 830 1203 868 1234; x_wconf 83' lang='lat' dir='ltr'><strong>et</strong></span> <span class='ocrx_word' id='word_1_67' title='bbox 890 1199 1055 1234; x_wconf 85' lang='lat' dir='ltr'><strong>animum</strong></span> <span class='ocrx_word' id='word_1_68' title='bbox 1080 1199 1116 1234; x_wconf 86' lang='lat' dir='ltr'><strong>in</strong></span> <span class='ocrx_word' id='word_1_69' title='bbox 1141 1199 1263 1234; x_wconf 83' lang='lat' dir='ltr'><strong>futura</strong></span> <span class='ocrx_word' id='word_1_70' title='bbox 1285 1200 1507 1237; x_wconf 70' lang='lat' dir='ltr'><strong>eminentem</strong></span> <span class='ocrx_word' id='word_1_71' title='bbox 1524 1200 1625 1237; x_wconf 75' lang='lat' dir='ltr'><strong>velut</strong></span> <span class='ocrx_word' id='word_1_72' title='bbox 1647 1200 1718 1238; x_wconf 82' lang='lat' dir='ltr'><strong>sub</strong></span> <span class='ocrx_word' id='word_1_73' title='bbox 1733 1200 1886 1237; x_wconf 75' lang='lat' dir='ltr'><strong>vinculis</strong></span> 
     </span>
     <span class='ocr_line' id='line_1_10' title="bbox 610 1257 1885 1305; baseline 0.001 -14"><span class='ocrx_word' id='word_1_74' title='bbox 610 1257 757 1300; x_wconf 83' lang='lat' dir='ltr'><strong>habere,</strong></span> <span class='ocrx_word' id='word_1_75' title='bbox 775 1257 812 1291; x_wconf 86' lang='lat' dir='ltr'><strong>id</strong></span> <span class='ocrx_word' id='word_1_76' title='bbox 836 1266 943 1301; x_wconf 85' lang='lat' dir='ltr'><strong>agere</strong></span> <span class='ocrx_word' id='word_1_77' title='bbox 963 1261 1006 1292; x_wconf 87' lang='lat' dir='ltr'><strong>ut</strong></span> <span class='ocrx_word' id='word_1_78' title='bbox 1021 1257 1168 1292; x_wconf 77' lang='lat' dir='ltr'><strong>divitiae</strong></span> <span class='ocrx_word' id='word_1_79' title='bbox 1188 1269 1210 1292; x_wconf 86' lang='lat' dir='ltr'><strong>a</strong></span> <span class='ocrx_word' id='word_1_80' title='bbox 1234 1257 1341 1294; x_wconf 77' lang='lat' dir='ltr'><strong>nobie</strong></span> <span class='ocrx_word' id='word_1_81' title='bbox 1359 1269 1472 1304; x_wconf 84' lang='lat' dir='ltr'><strong>quam</strong></span> <span class='ocrx_word' id='word_1_82' title='bbox 1494 1270 1516 1293; x_wconf 89' lang='lat' dir='ltr'><strong>a</strong></span> <span class='ocrx_word' id='word_1_83' title='bbox 1538 1259 1685 1294; x_wconf 85' lang='lat' dir='ltr'><strong>fortuna</strong></span> <span class='ocrx_word' id='word_1_84' title='bbox 1705 1265 1885 1305; x_wconf 80' lang='lat' dir='ltr'><strong>petamus.</strong></span> 
     </span>
     <span class='ocr_line' id='line_1_11' title="bbox 613 1314 1885 1363; baseline 0.001 -12"><span class='ocrx_word' id='word_1_85' title='bbox 613 1342 621 1351; x_wconf 89' lang='lat'><strong><em>.</em></strong></span> <span class='ocrx_word' id='word_1_86' title='bbox 646 1343 655 1351; x_wconf 83' lang='lat'><strong>.</strong></span> <span class='ocrx_word' id='word_1_87' title='bbox 679 1343 689 1350; x_wconf 95' lang='lat'>.</span> <span class='ocrx_word' id='word_1_88' title='bbox 715 1314 983 1351; x_wconf 63' lang='lat' dir='ltr'><strong>Assum-:amus</strong></span> <span class='ocrx_word' id='word_1_89' title='bbox 1012 1325 1101 1361; x_wconf 79' lang='lat' dir='ltr'><strong>ergo</strong></span> <span class='ocrx_word' id='word_1_90' title='bbox 1125 1325 1283 1352; x_wconf 82' lang='lat' dir='ltr'><strong>coenare</strong></span> <span class='ocrx_word' id='word_1_91' title='bbox 1312 1315 1565 1363; x_wconf 50' lang='lat' dir='ltr'><strong>einer-,opum¹</strong></span> <span class='ocrx_word' id='word_1_92' title='bbox 1592 1322 1628 1352; x_wconf 82' lang='lat' dir='ltr'><strong>et</strong></span> <span class='ocrx_word' id='word_1_93' title='bbox 1652 1317 1767 1352; x_wconf 81' lang='lat' dir='ltr'><strong>servis</strong></span> <span class='ocrx_word' id='word_1_94' title='bbox 1795 1327 1885 1363; x_wconf 85' lang='lat' dir='ltr'><strong>pau-</strong></span> 
     </span>
     <span class='ocr_line' id='line_1_12' title="bbox 611 1372 1885 1421; baseline 0.002 -13"><span class='ocrx_word' id='word_1_95' title='bbox 611 1373 770 1410; x_wconf 78' lang='lat' dir='ltr'><strong>cioribus</strong></span> <span class='ocrx_word' id='word_1_96' title='bbox 799 1372 934 1412; x_wconf 79' lang='lat' dir='ltr'><strong>serviri,</strong></span> <span class='ocrx_word' id='word_1_97' title='bbox 959 1378 997 1408; x_wconf 87' lang='lat' dir='ltr'><strong>et</strong></span> <span class='ocrx_word' id='word_1_98' title='bbox 1026 1379 1146 1409; x_wconf 66' lang='lat' dir='ltr'><strong>ventes</strong></span> <span class='ocrx_word' id='word_1_99' title='bbox 1171 1385 1299 1421; x_wconf 83' lang='lat' dir='ltr'><strong>parare</strong></span> <span class='ocrx_word' id='word_1_100' title='bbox 1327 1374 1363 1409; x_wconf 88' lang='lat' dir='ltr'><strong>in</strong></span> <span class='ocrx_word' id='word_1_101' title='bbox 1394 1374 1494 1420; x_wconf 86' lang='lat' dir='ltr'><strong>quod</strong></span> <span class='ocrx_word' id='word_1_102' title='bbox 1527 1373 1694 1410; x_wconf 78' lang='lat' dir='ltr'><strong>inventae</strong></span> <span class='ocrx_word' id='word_1_103' title='bbox 1723 1379 1818 1419; x_wconf 79' lang='lat' dir='ltr'><strong>sunt,</strong></span> <span class='ocrx_word' id='word_1_104' title='bbox 1848 1380 1885 1409; x_wconf 85' lang='lat' dir='ltr'><strong>et</strong></span> 
     </span>
     <span class='ocr_line' id='line_1_13' title="bbox 610 1430 1041 1467; baseline -0.005 0"><span class='ocrx_word' id='word_1_105' title='bbox 610 1431 777 1467; x_wconf 82' lang='lat' dir='ltr'><strong>habitare</strong></span> <span class='ocrx_word' id='word_1_106' title='bbox 801 1430 1041 1466; x_wconf 77' lang='lat' dir='ltr'><strong>contractius-¹</strong></span> 
     </span>
     <span class='ocr_line' id='line_1_14' title="bbox 661 1488 1885 1535; baseline -0.001 -10"><span class='ocrx_word' id='word_1_107' title='bbox 661 1489 711 1525; x_wconf 84' lang='lat' dir='ltr'><strong>Et</strong></span> <span class='ocrx_word' id='word_1_108' title='bbox 729 1489 837 1525; x_wconf 80' lang='lat' dir='ltr'><strong>infert</strong></span> <span class='ocrx_word' id='word_1_109' title='bbox 859 1489 1059 1524; x_wconf 78' lang='lat' dir='ltr'><strong>remedium</strong></span> <span class='ocrx_word' id='word_1_110' title='bbox 1079 1489 1125 1524; x_wconf 85' lang='lat' dir='ltr'><strong>de</strong></span> <span class='ocrx_word' id='word_1_111' title='bbox 1150 1490 1285 1533; x_wconf 79' lang='lat' dir='ltr'><strong>studio,</strong></span> <span class='ocrx_word' id='word_1_112' title='bbox 1305 1489 1453 1530; x_wconf 57' lang='lat' dir='ltr'><strong>&lt;liceum</strong></span> <span class='ocrx_word' id='word_1_113' title='bbox 1478 1488 1715 1525; x_wconf 78' lang='lat' dir='ltr'><strong>‘Studiorum</strong></span> <span class='ocrx_word' id='word_1_114' title='bbox 1738 1500 1885 1535; x_wconf 86' lang='lat' dir='ltr'><strong>quoque</strong></span> 
     </span>
     <span class='ocr_line' id='line_1_15' title="bbox 610 1546 1885 1593; baseline -0.001 -10"><span class='ocrx_word' id='word_1_115' title='bbox 610 1557 706 1592; x_wconf 85' lang='lat' dir='ltr'><strong>quae</strong></span> <span class='ocrx_word' id='word_1_116' title='bbox 751 1546 1003 1582; x_wconf 71' lang='lat' dir='ltr'><strong>liberalissima</strong></span> <span class='ocrx_word' id='word_1_117' title='bbox 1043 1546 1210 1593; x_wconf 85' lang='lat' dir='ltr'><strong>impensa</strong></span> <span class='ocrx_word' id='word_1_118' title='bbox 1256 1551 1312 1582; x_wconf 62' lang='lat' dir='ltr'><strong>ent</strong></span> <span class='ocrx_word' id='word_1_119' title='bbox 1352 1547 1494 1582; x_wconf 85' lang='lat' dir='ltr'><strong>tamdiu</strong></span> <span class='ocrx_word' id='word_1_120' title='bbox 1536 1547 1714 1583; x_wconf 83' lang='lat' dir='ltr'><strong>rationem</strong></span> <span class='ocrx_word' id='word_1_121' title='bbox 1763 1546 1885 1591; x_wconf 79' lang='lat' dir='ltr'><strong>habet,</strong></span> 
     </span>
     <span class='ocr_line' id='line_1_16' title="bbox 613 1603 1886 1651; baseline 0 -9"><span class='ocrx_word' id='word_1_122' title='bbox 613 1605 786 1651; x_wconf 76' lang='lat' dir='ltr'><strong>quamdiu</strong></span> <span class='ocrx_word' id='word_1_123' title='bbox 815 1605 974 1639; x_wconf 88' lang='lat' dir='ltr'><strong>modum.</strong></span> <span class='ocrx_word' id='word_1_124' title='bbox 1027 1603 1113 1651; x_wconf 85' lang='lat' dir='ltr'><strong>Quo</strong></span> <span class='ocrx_word' id='word_1_125' title='bbox 1137 1604 1419 1640; x_wconf 82' lang='lat' dir='ltr'><strong>innumerabiles</strong></span> <span class='ocrx_word' id='word_1_126' title='bbox 1442 1604 1554 1641; x_wconf 77' lang='lat' dir='ltr'><strong>libros</strong></span> <span class='ocrx_word' id='word_1_127' title='bbox 1572 1609 1609 1641; x_wconf 86' lang='lat' dir='ltr'><strong>et</strong></span> <span class='ocrx_word' id='word_1_128' title='bbox 1632 1604 1886 1646; x_wconf 75' lang='lat' dir='ltr'><strong>bibliothecas.</strong></span> 
     </span>
     <span class='ocr_line' id='line_1_17' title="bbox 610 1661 1885 1708; baseline -0.002 -10"><span class='ocrx_word' id='word_1_129' title='bbox 610 1674 766 1708; x_wconf 86' lang='lat' dir='ltr'><strong>quarum</strong></span> <span class='ocrx_word' id='word_1_130' title='bbox 790 1663 961 1698; x_wconf 83' lang='lat' dir='ltr'><strong>dominus</strong></span> <span class='ocrx_word' id='word_1_131' title='bbox 981 1663 1046 1697; x_wconf 79' lang='lat' dir='ltr'>va</span> <span class='ocrx_word' id='word_1_132' title='bbox 1072 1667 1152 1698; x_wconf 84' lang='lat' dir='ltr'><strong>tota</strong></span> <span class='ocrx_word' id='word_1_133' title='bbox 1176 1662 1254 1698; x_wconf 81' lang='lat' dir='ltr'><strong>vita</strong></span> <span class='ocrx_word' id='word_1_134' title='bbox 1281 1663 1416 1697; x_wconf 78' lang='lat' dir='ltr'><strong>indices</strong></span> <span class='ocrx_word' id='word_1_135' title='bbox 1443 1661 1621 1708; x_wconf 82' lang='lat' dir='ltr'><strong>perlegit?</strong></span> <span class='ocrx_word' id='word_1_136' title='bbox 1657 1667 1786 1698; x_wconf 86' lang='lat' dir='ltr'><strong>onerat</strong></span> <span class='ocrx_word' id='word_1_137' title='bbox 1812 1663 1885 1698; x_wconf 89' lang='lat' dir='ltr'><strong>dis-</strong></span> 
     </span>
     <span class='ocr_line' id='line_1_18' title="bbox 610 1721 1886 1766; baseline -0.001 -10"><span class='ocrx_word' id='word_1_138' title='bbox 610 1726 755 1756; x_wconf 78' lang='lat' dir='ltr'><strong>centem</strong></span> <span class='ocrx_word' id='word_1_139' title='bbox 790 1722 906 1764; x_wconf 83' lang='lat' dir='ltr'><strong>turba,</strong></span> <span class='ocrx_word' id='word_1_140' title='bbox 937 1732 1008 1755; x_wconf 88' lang='lat' dir='ltr'><strong>non</strong></span> <span class='ocrx_word' id='word_1_141' title='bbox 1044 1721 1201 1764; x_wconf 78' lang='lat' dir='ltr'><strong>instruit,</strong></span> <span class='ocrx_word' id='word_1_142' title='bbox 1229 1721 1419 1766; x_wconf 87' lang='lat' dir='ltr'><strong>multoque</strong></span> <span class='ocrx_word' id='word_1_143' title='bbox 1450 1721 1564 1756; x_wconf 71' lang='lat' dir='ltr'><strong>satius</strong></span> <span class='ocrx_word' id='word_1_144' title='bbox 1597 1726 1653 1756; x_wconf 74' lang='lat' dir='ltr'><strong>est</strong></span> <span class='ocrx_word' id='word_1_145' title='bbox 1686 1721 1814 1766; x_wconf 83' lang='lat' dir='ltr'>paucis</span> <span class='ocrx_word' id='word_1_146' title='bbox 1848 1725 1886 1756; x_wconf 89' lang='lat' dir='ltr'><strong>te</strong></span> 
     </span>
     <span class='ocr_line' id='line_1_19' title="bbox 608 1777 1884 1825; baseline 0 -11"><span class='ocrx_word' id='word_1_147' title='bbox 608 1778 819 1814; x_wconf 79' lang='lat' dir='ltr'><strong>auctoribus</strong></span> <span class='ocrx_word' id='word_1_148' title='bbox 854 1778 1008 1818; x_wconf 82' lang='lat' dir='ltr'><strong>tradere.</strong></span> <span class='ocrx_word' id='word_1_149' title='bbox 1034 1789 1145 1823; x_wconf 87' lang='lat' dir='ltr'><strong>quam</strong></span> <span class='ocrx_word' id='word_1_150' title='bbox 1181 1789 1300 1813; x_wconf 87' lang='lat' dir='ltr'><strong>errare</strong></span> <span class='ocrx_word' id='word_1_151' title='bbox 1334 1789 1399 1824; x_wconf 86' lang='lat' dir='ltr'><strong>per</strong></span> <span class='ocrx_word' id='word_1_152' title='bbox 1432 1778 1578 1814; x_wconf 79' lang='lat' dir='ltr'><strong>multos.</strong></span> <span class='ocrx_word' id='word_1_153' title='bbox 1629 1777 1884 1825; x_wconf 80' lang='lat' dir='ltr'><strong>Quadraginta</strong></span> 
     </span>
     <span class='ocr_line' id='line_1_20' title="bbox 610 1834 1885 1883; baseline 0.001 -12"><span class='ocrx_word' id='word_1_154' title='bbox 610 1835 724 1872; x_wconf 84' lang='lat' dir='ltr'><strong>millia</strong></span> <span class='ocrx_word' id='word_1_155' title='bbox 750 1835 921 1872; x_wconf 83' lang='lat' dir='ltr'><strong>librorum</strong></span> <span class='ocrx_word' id='word_1_156' title='bbox 950 1835 1201 1872; x_wconf 79' lang='lat' dir='ltr'><strong>Alexandriae</strong></span> <span class='ocrx_word' id='word_1_157' title='bbox 1230 1839 1416 1878; x_wconf 78' lang='lat' dir='ltr'><strong>arserunt3</strong></span> <span class='ocrx_word' id='word_1_158' title='bbox 1451 1834 1732 1881; x_wconf 83' lang='lat' dir='ltr'><strong>pulcherrimum</strong></span> <span class='ocrx_word' id='word_1_159' title='bbox 1763 1836 1885 1883; x_wconf 81' lang='lat' dir='ltr'><strong>regiae</strong></span> 
     </span>
     <span class='ocr_line' id='line_1_21' title="bbox 608 1892 1885 1938; baseline 0 -10"><span class='ocrx_word' id='word_1_160' title='bbox 608 1893 818 1938; x_wconf 80' lang='lat' dir='ltr'><strong>opulentiae</strong></span> <span class='ocrx_word' id='word_1_161' title='bbox 843 1899 1119 1928; x_wconf 81' lang='lat' dir='ltr'><strong>monumentum</strong></span> <span class='ocrx_word' id='word_1_162' title='bbox 1145 1892 1236 1928; x_wconf 74' lang='lat' dir='ltr'><strong>aliua</strong></span> <span class='ocrx_word' id='word_1_163' title='bbox 1258 1892 1472 1933; x_wconf 76' lang='lat' dir='ltr'><strong>laudaverit.</strong></span> <span class='ocrx_word' id='word_1_164' title='bbox 1492 1893 1587 1928; x_wconf 84' lang='lat' dir='ltr'><strong>sicut</strong></span> <span class='ocrx_word' id='word_1_165' title='bbox 1612 1899 1649 1928; x_wconf 88' lang='lat' dir='ltr'><strong>et</strong></span> <span class='ocrx_word' id='word_1_166' title='bbox 1668 1893 1796 1928; x_wconf 79' lang='lat' dir='ltr'><strong>Livius</strong></span> <span class='ocrx_word' id='word_1_167' title='bbox 1823 1895 1885 1938; x_wconf 84' lang='lat' dir='ltr'><strong>qui</strong></span> 
     </span>
     <span class='ocr_line' id='line_1_22' title="bbox 608 1949 1885 1996; baseline 0.001 -10"><span class='ocrx_word' id='word_1_168' title='bbox 608 1950 812 1996; x_wconf 81' lang='lat' dir='ltr'><strong>elegantiae</strong></span> <span class='ocrx_word' id='word_1_169' title='bbox 839 1960 966 1995; x_wconf 88' lang='lat' dir='ltr'><strong>regum</strong></span> <span class='ocrx_word' id='word_1_170' title='bbox 990 1960 1170 1996; x_wconf 85' lang='lat' dir='ltr'><strong>curaeque</strong></span> <span class='ocrx_word' id='word_1_171' title='bbox 1193 1949 1379 1996; x_wconf 81' lang='lat' dir='ltr'><strong>egregium</strong></span> <span class='ocrx_word' id='word_1_172' title='bbox 1404 1950 1441 1985; x_wconf 88' lang='lat' dir='ltr'><strong>id</strong></span> <span class='ocrx_word' id='word_1_173' title='bbox 1463 1962 1556 1996; x_wconf 87' lang='lat' dir='ltr'><strong>opus</strong></span> <span class='ocrx_word' id='word_1_174' title='bbox 1581 1950 1632 1986; x_wconf 80' lang='lat' dir='ltr'><strong>ait</strong></span> <span class='ocrx_word' id='word_1_175' title='bbox 1654 1950 1785 1994; x_wconf 52' lang='lat' dir='ltr'><strong>missu</strong></span> <span class='ocrx_word' id='word_1_176' title='bbox 1812 1963 1885 1987; x_wconf 85' lang='lat' dir='ltr'><strong>non</strong></span> 
     </span>
     <span class='ocr_line' id='line_1_23' title="bbox 608 2007 1885 2055; baseline 0.001 -11"><span class='ocrx_word' id='word_1_177' title='bbox 608 2007 675 2044; x_wconf 76' lang='lat' dir='ltr'><strong>suit</strong></span> <span class='ocrx_word' id='word_1_178' title='bbox 701 2008 884 2055; x_wconf 81' lang='lat' dir='ltr'><strong>elegantia</strong></span> <span class='ocrx_word' id='word_1_179' title='bbox 910 2007 998 2044; x_wconf 87' lang='lat' dir='ltr'><strong>illud</strong></span> <span class='ocrx_word' id='word_1_180' title='bbox 1023 2013 1089 2044; x_wconf 85' lang='lat' dir='ltr'><strong>aut</strong></span> <span class='ocrx_word' id='word_1_181' title='bbox 1112 2019 1211 2050; x_wconf 78' lang='lat' dir='ltr'><strong>cura,</strong></span> <span class='ocrx_word' id='word_1_182' title='bbox 1236 2008 1301 2043; x_wconf 84' lang='lat' dir='ltr'><strong>sed</strong></span> <span class='ocrx_word' id='word_1_183' title='bbox 1325 2007 1492 2044; x_wconf 80' lang='lat' dir='ltr'><strong>studiosa</strong></span> <span class='ocrx_word' id='word_1_184' title='bbox 1518 2008 1672 2052; x_wconf 79' lang='lat' dir='ltr'><strong>luxuria,</strong></span> <span class='ocrx_word' id='word_1_185' title='bbox 1698 2008 1814 2044; x_wconf 86' lang='lat' dir='ltr'><strong>immo</strong></span> <span class='ocrx_word' id='word_1_186' title='bbox 1838 2020 1885 2045; x_wconf 87' lang='lat' dir='ltr'><strong>ne</strong></span> 
     </span>
     <span class='ocr_line' id='line_1_24' title="bbox 608 2066 1885 2111; baseline 0.002 -11"><span class='ocrx_word' id='word_1_187' title='bbox 608 2067 772 2101; x_wconf 81' lang='lat' dir='ltr'><strong>studiosa</strong></span> <span class='ocrx_word' id='word_1_188' title='bbox 790 2066 951 2111; x_wconf 79' lang='lat' dir='ltr'><strong>quidem,</strong></span> <span class='ocrx_word' id='word_1_189' title='bbox 968 2067 1143 2111; x_wconf 83' lang='lat' dir='ltr'><strong>quoniam</strong></span> <span class='ocrx_word' id='word_1_190' title='bbox 1163 2077 1235 2100; x_wconf 89' lang='lat' dir='ltr'><strong>non</strong></span> <span class='ocrx_word' id='word_1_191' title='bbox 1256 2066 1290 2100; x_wconf 88' lang='lat' dir='ltr'><strong>in</strong></span> <span class='ocrx_word' id='word_1_192' title='bbox 1310 2066 1469 2101; x_wconf 82' lang='lat' dir='ltr'><strong>studium</strong></span> <span class='ocrx_word' id='word_1_193' title='bbox 1492 2066 1554 2101; x_wconf 86' lang='lat' dir='ltr'><strong>sed</strong></span> <span class='ocrx_word' id='word_1_194' title='bbox 1578 2067 1614 2100; x_wconf 87' lang='lat' dir='ltr'><strong>in</strong></span> <span class='ocrx_word' id='word_1_195' title='bbox 1634 2067 1885 2111; x_wconf 80' lang='lat' dir='ltr'><strong>spectaculum</strong></span> 
     </span>
     <span class='ocr_line' id='line_1_25' title="bbox 608 2122 1883 2169; baseline 0.002 -11"><span class='ocrx_word' id='word_1_196' title='bbox 608 2128 919 2169; x_wconf 85' lang='lat' dir='ltr'><strong>comparaverant.</strong></span> <span class='ocrx_word' id='word_1_197' title='bbox 941 2150 949 2159; x_wconf 87' lang='lat'><strong>.</strong></span> <span class='ocrx_word' id='word_1_198' title='bbox 975 2151 983 2159; x_wconf 85' lang='lat'><em>.</em></span> <span class='ocrx_word' id='word_1_199' title='bbox 1012 2122 1223 2158; x_wconf 46' lang='lat' dir='ltr'><strong>.Vit»iosurn</strong></span> <span class='ocrx_word' id='word_1_200' title='bbox 1254 2129 1310 2158; x_wconf 86' lang='lat' dir='ltr'><strong>est</strong></span> <span class='ocrx_word' id='word_1_201' title='bbox 1341 2122 1476 2168; x_wconf 84' lang='lat' dir='ltr'><strong>ubique</strong></span> <span class='ocrx_word' id='word_1_202' title='bbox 1503 2124 1603 2168; x_wconf 86' lang='lat' dir='ltr'><strong>quod</strong></span> <span class='ocrx_word' id='word_1_203' title='bbox 1636 2123 1787 2159; x_wconf 84' lang='lat' dir='ltr'><strong>nimium</strong></span> <span class='ocrx_word' id='word_1_204' title='bbox 1817 2131 1883 2160; x_wconf 79' lang='lat' dir='ltr'><strong>est.</strong></span> 
     </span>
     <span class='ocr_line' id='line_1_26' title="bbox 609 2179 1885 2228; baseline 0.001 -12"><span class='ocrx_word' id='word_1_205' title='bbox 609 2180 708 2227; x_wconf 84' lang='lat' dir='ltr'><strong>Quid</strong></span> <span class='ocrx_word' id='word_1_206' title='bbox 737 2179 852 2216; x_wconf 74' lang='lat' dir='ltr'><strong>hab&#39;ea</strong></span> <span class='ocrx_word' id='word_1_207' title='bbox 877 2192 941 2216; x_wconf 83' lang='lat' dir='ltr'><strong>cur</strong></span> <span class='ocrx_word' id='word_1_208' title='bbox 962 2181 1128 2227; x_wconf 74' lang='lat' dir='ltr'><strong>ignoscas</strong></span> <span class='ocrx_word' id='word_1_209' title='bbox 1154 2180 1294 2217; x_wconf 83' lang='lat' dir='ltr'><strong>homini</strong></span> <span class='ocrx_word' id='word_1_210' title='bbox 1319 2181 1476 2216; x_wconf 87' lang='lat' dir='ltr'><strong>armaria</strong></span> <span class='ocrx_word' id='word_1_211' title='bbox 1506 2181 1678 2226; x_wconf 75' lang='lat' dir='ltr'><strong>captanti,</strong></span> <span class='ocrx_word' id='word_1_212' title='bbox 1696 2187 1759 2217; x_wconf 86' lang='lat' dir='ltr'><strong>aut</strong></span> <span class='ocrx_word' id='word_1_213' title='bbox 1782 2181 1885 2228; x_wconf 76' lang='lat' dir='ltr'><strong>Igno-</strong></span> 
     </span>
     <span class='ocr_line' id='line_1_27' title="bbox 608 2235 1885 2287; baseline 0.001 -14"><span class='ocrx_word' id='word_1_214' title='bbox 608 2244 729 2273; x_wconf 86' lang='lat' dir='ltr'><strong>torum</strong></span> <span class='ocrx_word' id='word_1_215' title='bbox 770 2246 961 2275; x_wconf 83' lang='lat' dir='ltr'><strong>auctorum</strong></span> <span class='ocrx_word' id='word_1_216' title='bbox 1003 2244 1068 2274; x_wconf 86' lang='lat' dir='ltr'><strong>aut</strong></span> <span class='ocrx_word' id='word_1_217' title='bbox 1104 2238 1396 2285; x_wconf 81' lang='lat' dir='ltr'><strong>improbatorum</strong></span> <span class='ocrx_word' id='word_1_218' title='bbox 1441 2245 1477 2273; x_wconf 86' lang='lat' dir='ltr'><strong>et</strong></span> <span class='ocrx_word' id='word_1_219' title='bbox 1514 2239 1607 2273; x_wconf 81' lang='lat' dir='ltr'><strong>inter</strong></span> <span class='ocrx_word' id='word_1_220' title='bbox 1643 2235 1732 2287; x_wconf 86' lang='lat' dir='ltr'><strong>[tot]</strong></span> <span class='ocrx_word' id='word_1_221' title='bbox 1772 2239 1885 2275; x_wconf 88' lang='lat' dir='ltr'><strong>millia</strong></span> 
     </span>
     <span class='ocr_line' id='line_1_28' title="bbox 609 2296 1885 2336; baseline 0.002 -6"><span class='ocrx_word' id='word_1_222' title='bbox 609 2297 783 2332; x_wconf 84' lang='lat' dir='ltr'><strong>librorum</strong></span> <span class='ocrx_word' id='word_1_223' title='bbox 815 2297 994 2336; x_wconf 74' lang='lat' dir='ltr'><strong>oscitanti,</strong></span> <span class='ocrx_word' id='word_1_224' title='bbox 1019 2296 1077 2331; x_wconf 86' lang='lat' dir='ltr'><strong>cui</strong></span> <span class='ocrx_word' id='word_1_225' title='bbox 1105 2296 1335 2331; x_wconf 80' lang='lat' dir='ltr'><strong>voluminum</strong></span> <span class='ocrx_word' id='word_1_226' title='bbox 1370 2307 1517 2330; x_wconf 80' lang='lat' dir='ltr'><strong>suorum</strong></span> <span class='ocrx_word' id='word_1_227' title='bbox 1550 2296 1685 2331; x_wconf 80' lang='lat' dir='ltr'><strong>frontes</strong></span> <span class='ocrx_word' id='word_1_228' title='bbox 1720 2297 1885 2332; x_wconf 86' lang='lat' dir='ltr'><strong>maxime</strong></span> 
     </span>
     <span class='ocr_line' id='line_1_29' title="bbox 608 2352 1885 2399; baseline 0.001 -10"><span class='ocrx_word' id='word_1_229' title='bbox 608 2354 755 2399; x_wconf 84' lang='lat' dir='ltr'><strong>placent</strong></span> <span class='ocrx_word' id='word_1_230' title='bbox 781 2354 977 2399; x_wconf 82' lang='lat' dir='ltr'><strong>titulique?</strong></span> <span class='ocrx_word' id='word_1_231' title='bbox 994 2379 1028 2389; x_wconf 89' lang='lat'><strong>..</strong></span> <span class='ocrx_word' id='word_1_232' title='bbox 1054 2379 1061 2388; x_wconf 93' lang='lat'><em>.</em></span> <span class='ocrx_word' id='word_1_233' title='bbox 1088 2354 1316 2399; x_wconf 79' lang='lat' dir='ltr'><strong>Ignoscerem</strong></span> <span class='ocrx_word' id='word_1_234' title='bbox 1345 2352 1463 2399; x_wconf 84' lang='lat' dir='ltr'><strong>plane,</strong></span> <span class='ocrx_word' id='word_1_235' title='bbox 1487 2353 1517 2388; x_wconf 71' lang='lat' dir='ltr'><strong>si</strong></span> <span class='ocrx_word' id='word_1_236' title='bbox 1543 2354 1747 2389; x_wconf 77' lang='lat' dir='ltr'><strong>studiorum</strong></span> <span class='ocrx_word' id='word_1_237' title='bbox 1774 2355 1885 2390; x_wconf 82' lang='lat' dir='ltr'><strong>nimia</strong></span> 
     </span>
     <span class='ocr_line' id='line_1_30' title="bbox 608 2411 1885 2457; baseline 0.001 -10"><span class='ocrx_word' id='word_1_238' title='bbox 608 2411 779 2457; x_wconf 80' lang='lat' dir='ltr'><strong>cupidine</strong></span> <span class='ocrx_word' id='word_1_239' title='bbox 803 2411 974 2447; x_wconf 83' lang='lat' dir='ltr'><strong>oriretur:</strong></span> <span class='ocrx_word' id='word_1_240' title='bbox 1010 2422 1103 2447; x_wconf 87' lang='lat' dir='ltr'><strong>nunc</strong></span> <span class='ocrx_word' id='word_1_241' title='bbox 1132 2411 1203 2447; x_wconf 83' lang='lat' dir='ltr'><strong>ista</strong></span> <span class='ocrx_word' id='word_1_242' title='bbox 1234 2411 1439 2455; x_wconf 72' lang='lat' dir='ltr'><strong>conquisita</strong></span> <span class='ocrx_word' id='word_1_243' title='bbox 1461 2421 1543 2447; x_wconf 88' lang='lat' dir='ltr'><strong>cum</strong></span> <span class='ocrx_word' id='word_1_244' title='bbox 1567 2411 1787 2455; x_wconf 76' lang='lat' dir='ltr'><strong>imaginibus</strong></span> <span class='ocrx_word' id='word_1_245' title='bbox 1810 2413 1885 2448; x_wconf 82' lang='lat' dir='ltr'><strong>suis</strong></span> 
     </span>
     <span class='ocr_line' id='line_1_31' title="bbox 608 2464 1885 2516; baseline 0.002 -14"><span class='ocrx_word' id='word_1_246' title='bbox 608 2469 790 2514; x_wconf 73' lang='lat' dir='ltr'><strong>descripta</strong></span> <span class='ocrx_word' id='word_1_247' title='bbox 830 2474 867 2504; x_wconf 85' lang='lat' dir='ltr'><strong>et</strong></span> <span class='ocrx_word' id='word_1_248' title='bbox 901 2479 1083 2504; x_wconf 75' lang='lat' dir='ltr'><strong>sacrorum</strong></span> <span class='ocrx_word' id='word_1_249' title='bbox 1119 2478 1232 2514; x_wconf 81' lang='lat' dir='ltr'><strong>opera</strong></span> <span class='ocrx_word' id='word_1_250' title='bbox 1270 2464 1534 2516; x_wconf 85' lang='lat' dir='ltr'><strong>[ingeniorum]</strong></span> <span class='ocrx_word' id='word_1_251' title='bbox 1576 2469 1612 2502; x_wconf 88' lang='lat' dir='ltr'><strong>in</strong></span> <span class='ocrx_word' id='word_1_252' title='bbox 1647 2469 1805 2514; x_wconf 78' lang='lat' dir='ltr'><strong>speciem</strong></span> <span class='ocrx_word' id='word_1_253' title='bbox 1847 2476 1885 2504; x_wconf 89' lang='lat' dir='ltr'><strong>et</strong></span> 
     </span>
     <span class='ocr_line' id='line_1_32' title="bbox 610 2526 1241 2571; baseline -0.002 -10"><span class='ocrx_word' id='word_1_254' title='bbox 610 2526 750 2561; x_wconf 83' lang='lat' dir='ltr'><strong>cultum</strong></span> <span class='ocrx_word' id='word_1_255' title='bbox 769 2527 950 2571; x_wconf 79' lang='lat' dir='ltr'><strong>parietum</strong></span> <span class='ocrx_word' id='word_1_256' title='bbox 970 2531 1241 2571; x_wconf 78' lang='lat' dir='ltr'><strong>comparantur.</strong></span> 
     </span>
     <span class='ocr_line' id='line_1_33' title="bbox 424 2582 1884 2630; baseline 0.001 -12"><span class='ocrx_word' id='word_1_257' title='bbox 424 2584 569 2629; x_wconf 64' lang='lat' dir='ltr'><strong>De&#39;ljran·</strong></span> <span class='ocrx_word' id='word_1_258' title='bbox 657 2583 741 2619; x_wconf 83' lang='lat' dir='ltr'><strong>‘Ad</strong></span> <span class='ocrx_word' id='word_1_259' title='bbox 761 2583 906 2629; x_wconf 85' lang='lat' dir='ltr'><strong>aliquod</strong></span> <span class='ocrx_word' id='word_1_260' title='bbox 930 2595 1043 2629; x_wconf 83' lang='lat' dir='ltr'><strong>genus</strong></span> <span class='ocrx_word' id='word_1_261' title='bbox 1061 2583 1159 2619; x_wconf 82' lang='lat' dir='ltr'><strong>vitae</strong></span> <span class='ocrx_word' id='word_1_262' title='bbox 1183 2582 1330 2618; x_wconf 78' lang='lat' dir='ltr'><strong>difficile</strong></span> <span class='ocrx_word' id='word_1_263' title='bbox 1356 2582 1525 2624; x_wconf 78' lang='lat' dir='ltr'><strong>incidisti,</strong></span> <span class='ocrx_word' id='word_1_264' title='bbox 1547 2589 1585 2619; x_wconf 90' lang='lat' dir='ltr'><strong>et</strong></span> <span class='ocrx_word' id='word_1_265' title='bbox 1607 2583 1676 2619; x_wconf 86' lang='lat' dir='ltr'><strong>tibi</strong></span> <span class='ocrx_word' id='word_1_266' title='bbox 1702 2583 1884 2630; x_wconf 83' lang='lat' dir='ltr'><strong>ignoranti</strong></span> 
     </span>
     <span class='ocr_line' id='line_1_34' title="bbox 422 2621 1885 2693; baseline 0.002 -18"><span class='ocrx_word' id='word_1_267' title='bbox 422 2621 570 2693; x_wconf 47' lang='grc' dir='ltr'><strong>ᾙΙΙΨῊΪ*</strong></span> <span class='ocrx_word' id='word_1_268' title='bbox 607 2640 664 2675; x_wconf 82' lang='lat' dir='ltr'><strong>vel</strong></span> <span class='ocrx_word' id='word_1_269' title='bbox 690 2641 837 2686; x_wconf 83' lang='lat' dir='ltr'><strong>publica</strong></span> <span class='ocrx_word' id='word_1_270' title='bbox 866 2641 1014 2675; x_wconf 76' lang='lat' dir='ltr'><strong>fortuna</strong></span> <span class='ocrx_word' id='word_1_271' title='bbox 1039 2641 1094 2675; x_wconf 81' lang='lat' dir='ltr'><strong>vel</strong></span> <span class='ocrx_word' id='word_1_272' title='bbox 1125 2641 1270 2686; x_wconf 79' lang='lat' dir='ltr'><strong>privata</strong></span> <span class='ocrx_word' id='word_1_273' title='bbox 1296 2640 1467 2685; x_wconf 81' lang='lat' dir='ltr'><strong>laqueum</strong></span> <span class='ocrx_word' id='word_1_274' title='bbox 1497 2640 1661 2686; x_wconf 80' lang='lat' dir='ltr'><strong>impegit,</strong></span> <span class='ocrx_word' id='word_1_275' title='bbox 1689 2653 1798 2686; x_wconf 88' lang='lat' dir='ltr'><strong>quem</strong></span> <span class='ocrx_word' id='word_1_276' title='bbox 1818 2653 1885 2678; x_wconf 86' lang='lat' dir='ltr'><strong>nec</strong></span> 
     </span>
     <span class='ocr_line' id='line_1_35' title="bbox 607 2698 1885 2744; baseline 0.002 -11"><span class='ocrx_word' id='word_1_277' title='bbox 607 2699 750 2734; x_wconf 84' lang='lat' dir='ltr'><strong>solvere</strong></span> <span class='ocrx_word' id='word_1_278' title='bbox 766 2710 892 2743; x_wconf 81' lang='lat' dir='ltr'><strong>posses</strong></span> <span class='ocrx_word' id='word_1_279' title='bbox 909 2710 977 2733; x_wconf 84' lang='lat' dir='ltr'><strong>net:</strong></span> <span class='ocrx_word' id='word_1_280' title='bbox 993 2709 1194 2744; x_wconf 84' lang='lat' dir='ltr'><strong>erumpere.</strong></span> <span class='ocrx_word' id='word_1_281' title='bbox 1241 2698 1374 2743; x_wconf 80' lang='lat' dir='ltr'><strong>cogita</strong></span> <span class='ocrx_word' id='word_1_282' title='bbox 1392 2699 1623 2743; x_wconf 81' lang='lat' dir='ltr'><strong>compeditos</strong></span> <span class='ocrx_word' id='word_1_283' title='bbox 1641 2700 1758 2744; x_wconf 85' lang='lat' dir='ltr'><strong>primo</strong></span> <span class='ocrx_word' id='word_1_284' title='bbox 1776 2710 1885 2744; x_wconf 82' lang='lat' dir='ltr'><strong>aegre</strong></span> 
     </span>
     <span class='ocr_line' id='line_1_36' title="bbox 608 2755 1885 2802; baseline 0.001 -11"><span class='ocrx_word' id='word_1_285' title='bbox 608 2755 699 2791; x_wconf 83' lang='lat' dir='ltr'><strong>serre</strong></span> <span class='ocrx_word' id='word_1_286' title='bbox 721 2766 835 2792; x_wconf 84' lang='lat' dir='ltr'><strong>onera</strong></span> <span class='ocrx_word' id='word_1_287' title='bbox 859 2761 896 2791; x_wconf 88' lang='lat' dir='ltr'><strong>et</strong></span> <span class='ocrx_word' id='word_1_288' title='bbox 919 2755 1183 2801; x_wconf 78' lang='lat' dir='ltr'><strong>impedimenta</strong></span> <span class='ocrx_word' id='word_1_289' title='bbox 1203 2766 1358 2791; x_wconf 85' lang='lat' dir='ltr'><strong>crurum.</strong></span> <span class='ocrx_word' id='word_1_290' title='bbox 1410 2755 1554 2791; x_wconf 86' lang='lat' dir='ltr'><strong>Deinde</strong></span> <span class='ocrx_word' id='word_1_291' title='bbox 1579 2757 1641 2792; x_wconf 87' lang='lat' dir='ltr'><strong>ubi</strong></span> <span class='ocrx_word' id='word_1_292' title='bbox 1667 2768 1738 2792; x_wconf 88' lang='lat' dir='ltr'><strong>non</strong></span> <span class='ocrx_word' id='word_1_293' title='bbox 1767 2756 1885 2802; x_wconf 84' lang='lat' dir='ltr'><strong>indig-</strong></span> 
     </span>
    </p>
   </div>
   <div class='ocr_carea' id='block_1_3' title="bbox 607 2857 1885 2977">
    <p class='ocr_par' dir='ltr' id='par_1_3' title="bbox 607 2857 1885 2977">
     <span class='ocr_line' id='line_1_37' title="bbox 646 2857 1885 2894; baseline 0.002 -8"><span class='ocrx_word' id='word_1_294' title='bbox 646 2859 650 2874; x_wconf 87' lang='lat'>¹</span> <span class='ocrx_word' id='word_1_295' title='bbox 670 2859 733 2886; x_wconf 71' lang='lat' dir='ltr'><strong>‘l‘lie</strong></span> <span class='ocrx_word' id='word_1_296' title='bbox 755 2864 816 2886; x_wconf 79' lang='lat' dir='ltr'><strong>text</strong></span> <span class='ocrx_word' id='word_1_297' title='bbox 835 2860 867 2886; x_wconf 76' lang='lat' dir='ltr'><strong>os</strong></span> <span class='ocrx_word' id='word_1_298' title='bbox 881 2860 939 2886; x_wconf 77' lang='lat' dir='ltr'><strong>this</strong></span> <span class='ocrx_word' id='word_1_299' title='bbox 960 2867 1079 2894; x_wconf 66' lang='lat' dir='ltr'><strong>passage</strong></span> <span class='ocrx_word' id='word_1_300' title='bbox 1101 2860 1123 2885; x_wconf 75' lang='lat' dir='ltr'><strong>is</strong></span> <span class='ocrx_word' id='word_1_301' title='bbox 1145 2857 1294 2893; x_wconf 67' lang='lat' dir='ltr'><strong>generally</strong></span> <span class='ocrx_word' id='word_1_302' title='bbox 1314 2859 1482 2893; x_wconf 72' lang='lat' dir='ltr'><strong>oecognized</strong></span> <span class='ocrx_word' id='word_1_303' title='bbox 1503 2860 1542 2893; x_wconf 70' lang='lat' dir='ltr'><strong>by</strong></span> <span class='ocrx_word' id='word_1_304' title='bbox 1564 2859 1698 2886; x_wconf 71' lang='lat' dir='ltr'><strong>Senecn&#39;s</strong></span> <span class='ocrx_word' id='word_1_305' title='bbox 1723 2861 1829 2887; x_wconf 72' lang='lat' dir='ltr'><strong>editors</strong></span> <span class='ocrx_word' id='word_1_306' title='bbox 1851 2871 1885 2888; x_wconf 73' lang='lat' dir='ltr'>u</span> 
     </span>
     <span class='ocr_line' id='line_1_38' title="bbox 607 2902 1885 2939; baseline -0.001 -10"><span class='ocrx_word' id='word_1_307' title='bbox 607 2907 730 2937; x_wconf 75' lang='lat' dir='ltr'><strong>corrupt.</strong></span> <span class='ocrx_word' id='word_1_308' title='bbox 770 2902 781 2931; x_wconf 92' lang='lat'>1</span> <span class='ocrx_word' id='word_1_309' title='bbox 799 2903 864 2936; x_wconf 77' lang='lat' dir='ltr'><strong>give</strong></span> <span class='ocrx_word' id='word_1_310' title='bbox 877 2903 898 2930; x_wconf 77' lang='lat' dir='ltr'><strong>it</strong></span> <span class='ocrx_word' id='word_1_311' title='bbox 910 2912 943 2931; x_wconf 70' lang='lat' dir='ltr'><strong>ne</strong></span> <span class='ocrx_word' id='word_1_312' title='bbox 955 2903 1096 2931; x_wconf 71' lang='lat' dir='ltr'><strong>amended</strong></span> <span class='ocrx_word' id='word_1_313' title='bbox 1108 2903 1148 2937; x_wconf 81' lang='lat' dir='ltr'><strong>by</strong></span> <span class='ocrx_word' id='word_1_314' title='bbox 1162 2902 1270 2929; x_wconf 71' lang='lat' dir='ltr'><strong>Haase.</strong></span> <span class='ocrx_word' id='word_1_315' title='bbox 1308 2902 1339 2928; x_wconf 84' lang='lat' dir='ltr'><strong>D.</strong></span> <span class='ocrx_word' id='word_1_316' title='bbox 1356 2902 1413 2929; x_wconf 68' lang='lat' dir='ltr'><strong>and</strong></span> <span class='ocrx_word' id='word_1_317' title='bbox 1427 2902 1461 2928; x_wconf 82' lang='grc' dir='ltr'><strong>Ο.</strong></span> <span class='ocrx_word' id='word_1_318' title='bbox 1478 2902 1551 2928; x_wconf 75' lang='lat' dir='ltr'><strong>have</strong></span> <span class='ocrx_word' id='word_1_319' title='bbox 1568 2903 1637 2929; x_wconf 72' lang='lat' dir='ltr'><strong>‘hos</strong></span> <span class='ocrx_word' id='word_1_320' title='bbox 1652 2903 1767 2937; x_wconf 77' lang='lat' dir='ltr'><strong>pudebit</strong></span> <span class='ocrx_word' id='word_1_321' title='bbox 1780 2905 1807 2931; x_wconf 77' lang='lat' dir='ltr'><strong>ei</strong></span> <span class='ocrx_word' id='word_1_322' title='bbox 1820 2905 1885 2939; x_wconf 67' lang='lat' dir='ltr'><strong>plus</strong></span> 
     </span>
     <span class='ocr_line' id='line_1_39' title="bbox 608 2945 851 2977; baseline 0.004 -4"><span class='ocrx_word' id='word_1_323' title='bbox 608 2945 780 2977; x_wconf 59' lang='lat' dir='ltr'><strong>desides-iis:</strong></span> <span class='ocrx_word' id='word_1_324' title='bbox 797 2951 851 2974; x_wconf 83' lang='lat' dir='ltr'><strong>etc.</strong></span> 
     </span>
    </p>
   </div>
  </div>
 </body>
</html>
