2350 3580
611 694 678 739 468
905 688 1194 724 MULTJPLJCA
1202 688 1279 722 Tro
1304 686 1586 721 SPECIERUM.

610 795 746 830 corpus
769 781 971 819 secundum
1001 779 1050 816 sit
1072 778 1253 820 subtilius,
1279 782 1365 812 tunc
1390 777 1551 812 incessus
1575 780 1697 811 rectus
1722 771 1765 809 fit
1789 772 1885 808 inter

613 839 946 888 perpendicularem
977 836 1184 875 ducendam
1214 847 1236 870 a
1265 835 1345 869 loco
1374 832 1561 870 fractionis
1583 839 1623 869 et
1646 831 1740 868 inter
1764 830 1883 877 ipsam

1086 892 1312 936 fractionem,
1325 897 1367 927 ut
1381 891 1447 927 hic.
1476 890 1527 926 Et
1538 890 1575 927 in
1589 889 1685 926 hanc
1696 887 1882 935 duplicem

1087 949 1314 991 fractionem,
1336 948 1572 984 Ptolemaeus
1595 947 1725 995 quinto
1740 946 1791 982 de
1805 943 1883 980 As-

1085 1008 1265 1052 pentibus,
1277 1013 1316 1042 et
1332 1006 1501 1041 Alhazen
1518 1005 1736 1051 septimn,et
1752 1012 1882 1039 omnes

1085 1065 1327 1106 concordant;
1344 1074 1410 1100 nec
1422 1069 1543 1110 potest
1556 1061 1661 1098 aliter
1672 1066 1880 1106 essentque

1085 1121 1245 1168 probant
1260 1146 1269 1158 ,
1285 1121 1356 1158 hoc
1399 1132 1464 1168 per
1503 1121 1753 1159 instrumenta,
1784 1128 1880 1163 quae

1085 1180 1221 1214 docent
1243 1179 1292 1214 ibi
1316 1179 1461 1225 figurari
1487 1179 1534 1213 ad
1558 1177 1641 1218 hoc,
1657 1182 1698 1212 ut
1713 1176 1883 1211 videatur

1083 1235 1303 1272 sensibiliter
1328 1237 1518 1282 quomodo
1549 1234 1763 1281 franguntur
1787 1233 1879 1268 radii

1085 1305 1157 1330 non
1192 1293 1521 1340 perpendiculares.
1587 1291 1765 1328 Similiter
1796 1301 1882 1336 pro-

1085 1351 1174 1387 bant
1221 1351 1288 1386 hae
1327 1351 1521 1386 fractiones
1566 1361 1632 1395 per
1671 1359 1801 1384 causas
1843 1352 1880 1383 et

1084 1409 1347 1455 experimenta.

424 1473 484 1502 The
497 1483 578 1502 mune
1143 1466 1304 1503 Causam
1355 1472 1478 1503 autern
1532 1465 1638 1511 hujus
1695 1463 1880 1500 fractionis

422 1509 589 1574 2302?le
775 1501 836 1530 ᾖς’
850 1503 894 1535 '¹⁸'
1083 1525 1272 1571 assignant
1299 1535 1363 1570 per
1387 1525 1470 1567 hoc,
1487 1524 1587 1570 quod
1614 1533 1718 1558 casus
1743 1521 1879 1567 speciei

422 1582 575 1611 armenon.
610 1578 917 1625 perpendicularis
957 1581 1059 1617 fortis
1101 1588 1169 1624 est,
1205 1582 1300 1617 sicut
1341 1587 1445 1628 patet
1485 1582 1519 1616 in
1559 1581 1684 1627 lapide
1724 1580 1880 1615 cadente

608 1638 790 1679 deorsum,
817 1638 846 1673 si
875 1650 946 1673 non
972 1638 1185 1685 obliquatur
1210 1641 1289 1685 ejus
1314 1651 1427 1682 casus,
1454 1645 1494 1675 ut
1518 1639 1547 1674 si
1572 1637 1703 1685 aliquis
1724 1636 1879 1683 impedi-

607 1695 699 1730 verit
728 1707 851 1730 casum
879 1696 1215 1742 perpendicularem
1248 1703 1285 1733 et
1314 1697 1440 1733 fecerit
1467 1696 1627 1743 lapidem
1654 1695 1803 1732 deviare
1829 1695 1879 1729 ab

607 1753 748 1788 incensu
775 1753 1074 1799 perpendiculari,
1101 1755 1336 1790 manifestum
1363 1761 1417 1790 est
1443 1754 1561 1790 sensui
1590 1754 1689 1798 quod
1718 1751 1878 1787 debilem

606 1809 715 1845 faciat
746 1811 1050 1856 penetrationem.
1101 1812 1212 1848 Unde
1239 1812 1350 1848 homo
1374 1813 1507 1847 cadens
1532 1809 1880 1857 perpendiculariter

606 1867 652 1903 ab
670 1867 748 1903 alto
766 1869 919 1904 moritur
928 1880 977 1904 ex
988 1879 1085 1905 casu.
1121 1869 1232 1915 Quod
1250 1870 1281 1905 si
1296 1869 1425 1915 aliquis
1443 1868 1554 1915 pellat
1572 1879 1654 1904 eum
1674 1868 1720 1904 ab
1738 1867 1879 1904 incessu

608 1930 708 1960 recto
724 1926 812 1960 dum
830 1927 948 1968 cadat,
963 1933 1145 1972 quatenus
1163 1926 1321 1963 declinet
1343 1927 1390 1963 ab
1412 1927 1552 1963 incessu
1578 1925 1878 1972 perpendiculari,

605 1983 775 2018 salvatur.
826 1983 1003 2018 Similiter
1019 1985 1112 2019 ensis
1130 1984 1188 2019 vel
1205 1985 1350 2026 securis,
1367 1984 1425 2019 vel
1443 1984 1541 2019 aliud
1561 1987 1685 2018 natum
1703 1983 1878 2023 scindere,

604 2040 635 2075 si
650 2046 799 2086 aptatur
815 2051 837 2076 a
855 2052 963 2076 manu
984 2042 1216 2087 percutientis
1234 2042 1581 2088 perpendiculariter
1596 2052 1705 2087 super
1727 2040 1878 2086 lignum.

605 2103 775 2142 penetrat
795 2102 832 2134 et
849 2098 981 2134 dividit
998 2099 1085 2134 illud
1101 2112 1112 2142 ;
1145 2099 1176 2134 si
1201 2099 1359 2146 oblique,
1376 2106 1465 2135 tunc
1482 2099 1538 2134 vel
1558 2110 1630 2134 non
1647 2099 1800 2138 scindet.
1819 2098 1876 2133 vel

606 2155 726 2190 minus
756 2154 866 2201 longe
897 2167 1008 2201 quam
1042 2157 1194 2202 quando
1227 2156 1294 2191 fuit
1327 2155 1647 2202 perpendicularis.
1697 2155 1808 2200 Quod
1846 2156 1876 2190 si

604 2222 735 2258 corpus
777 2214 952 2258 recipiens
994 2225 1070 2249 rem
1112 2214 1308 2249 cadentem
1354 2213 1698 2260 perpendiculariter
1740 2212 1876 2248 resistit

604 2271 764 2311 omnino,
799 2275 883 2307 tunc
918 2281 972 2306 res
1008 2272 1141 2307 cadens
1175 2271 1523 2317 perpendiculariter
1556 2272 1690 2307 rediret
1726 2276 1876 2316 propter

604 2327 766 2362 incessus
797 2327 1048 2363 fortitudinem
1083 2329 1119 2363 in
1152 2331 1308 2363 eandem
1341 2330 1439 2363 viam
1474 2340 1538 2374 per
1574 2340 1685 2374 quam
1718 2328 1876 2370 incessit.

602 2384 696 2420 sicut
712 2384 759 2420 de
777 2384 852 2431 pila
874 2384 972 2431 jacta
992 2387 1039 2421 ad
1068 2387 1243 2431 parietem
1265 2385 1323 2421 vel
1346 2387 1392 2421 ad
1410 2386 1507 2421 aliud
1530 2387 1697 2421 resistens
1714 2384 1876 2420 omnino.

605 2441 655 2476 Et
680 2441 755 2488 pila
779 2442 914 2478 cadens
941 2454 989 2478 ex
1016 2443 1165 2490 obliquo
1191 2442 1339 2479 labetur
1361 2455 1410 2478 ex
1439 2442 1552 2478 altera
1585 2448 1687 2489 parte
1715 2443 1876 2479 incessus

605 2500 910 2544 perpendicularis
950 2501 1150 2536 secundum
1194 2512 1321 2536 casum
1361 2501 1561 2547 obliquum,
1602 2507 1641 2535 ut
1685 2506 1786 2547 patet
1826 2500 1874 2535 ad

602 2568 759 2600 sensum,
791 2563 830 2593 et
867 2569 939 2593 non
974 2559 1105 2593 rediret
1143 2559 1176 2593 in
1216 2559 1312 2593 viam
1345 2570 1419 2603 qua
1458 2559 1555 2593 venit
1591 2563 1738 2604 propter
1769 2569 1875 2593 casus

600 2614 839 2651 debilitatem.
891 2615 1157 2661 Experimenta
1183 2617 1232 2651 de
1256 2616 1312 2651 his
1335 2621 1422 2652 sunt
1447 2615 1598 2651 infinita.

418 2690 506 2726 ΕΜ,
652 2671 727 2708 Sed
748 2672 974 2717 diaphanutn
997 2683 1068 2709 non
1089 2673 1240 2709 omnino
1261 2673 1396 2709 resistit
1421 2673 1554 2719 speciei
1575 2679 1617 2709 ut
1637 2672 1779 2714 redeat3
1804 2671 1874 2708 hoc

415 2726 588 2790 ἕξις-ἐπ
601 2729 699 2763 enim
727 2729 815 2765 facit
837 2729 957 2765 solum
986 2741 1118 2776 corpus
1141 2731 1308 2771 densum,
1334 2741 1356 2765 a
1385 2742 1458 2776 quo
1487 2730 1529 2765 fit
1558 2730 1720 2764 reflexio.
1769 2729 1874 2774 *Qua-

415 2800 559 2826 minuce
600 2791 750 2832 propter
781 2788 921 2832 species
950 2789 1097 2822 veniens
1123 2799 1235 2834 super
1261 2787 1487 2833 diaphanum
1514 2789 1758 2833 quodcunque
1791 2798 1872 2832 per·

415 2835 503 2862 ‘⁰⁰¹‘
535 2843 576 2862 ⁸⁸·
600 2843 729 2879 transit
764 2843 799 2878 in
835 2843 932 2887 illud,
966 2845 1043 2879 sive
1076 2846 1183 2880 cadat
1216 2845 1374 2891 oblique,
1407 2845 1483 2880 sive
1518 2844 1871 2891 perpendiculariter.

415 2879 480 2942 :¹5³⁸
540 2871 586 2899 Q
601 2901 677 2937 Sed
695 2913 777 2937 cum
798 2901 1105 2947 perpendicularis
1123 2903 1170 2937 ait
1188 2902 1323 2945 fortior,
1336 2908 1374 2938 et
1392 2903 1532 2948 species
1550 2902 1696 2948 obliqua
1707 2901 1871 2945 debilior.
