2350 3580
583 706 652 749 248
820 707 993 741 OPERIS
1019 706 1229 747 MAJoRIS
1253 707 1383 740 PARS
1406 705 1628 741 SEPTIMA.

586 796 843 845 dispositiones
867 797 1001 844 quibus
1025 802 1240 844 preparetur
1260 798 1308 834 ad
1332 797 1523 839 orandum.
1546 795 1864 844 quemadmodum

586 854 703 890 homo
719 855 908 890 consuevit
920 866 1137 901 praeparare
1152 866 1195 890 ae
1209 855 1259 890 ad
1272 856 1536 890 occurrendum
1551 856 1627 900 'regi
1641 854 1808 891 humano
1824 854 1864 890 iu

589 911 770 948 munditia
789 917 828 948 et
846 912 988 956 decore,
1004 917 1041 948 et
1058 918 1100 948 ut
1112 911 1222 948 saciat
1236 922 1445 948 assuescere
1462 911 1666 948 munditiae
1683 917 1720 948 et
1737 910 1865 948 decori

589 968 692 1006 firma
711 970 997 1011 consuetudine;
1022 976 1059 1005 et
1078 970 1244 1006 instituat
1261 980 1345 1005 eum
1363 970 1408 1006 ad
1433 970 1583 1006 modum
1606 968 1866 1019 hominiqpre-

588 1028 748 1072 parantis
765 1038 805 1062 se
821 1028 868 1063 ad
886 1038 1078 1063 occursum
1095 1027 1191 1072 regis
1208 1038 1290 1062 curn
1308 1027 1516 1063 humilitate
1532 1032 1569 1063 et
1581 1026 1684 1062 vultu
1702 1026 1867 1063 demisso

589 1085 803 1130 compressis
830 1085 1012 1128 membris,
1030 1094 1175 1120 cessans
1194 1097 1215 1120 a
1234 1083 1463 1121 revolutione
1478 1089 1516 1120 et
1533 1084 1582 1120 ab
1602 1083 1704 1119 omni
1719 1089 1867 1130 pertur-

590 1140 750 1178 batione.
801 1142 850 1178 Et
870 1142 1114 1178 determinant
1132 1141 1342 1188 philosophi
1365 1147 1405 1178 ut
1421 1141 1612 1178 Avicenna
1627 1146 1666 1177 et
1683 1140 1746 1178 alii
1762 1140 1866 1187 quod

589 1199 841 1234 solemnitates
866 1210 1022 1246 magnae
1048 1199 1184 1234 debent
1219 1199 1330 1234 statui
1354 1211 1401 1234 eo
1432 1199 1533 1244 quod
1568 1198 1704 1234 faciunt
1733 1203 1867 1244 gente·

589 1256 812 1302 congregari,
830 1261 868 1292 et
886 1257 974 1292 dant
999 1256 1049 1291 eis
1069 1257 1261 1292 audaciam
1288 1261 1325 1292 et
1346 1257 1608 1292 emulationem
1629 1256 1744 1303 legis:
1769 1261 1809 1293 et
1825 1257 1868 1291 iit

589 1313 775 1350 orationes
799 1313 1041 1350 multitudinis
1067 1314 1336 1350 exaudiantur:
1365 1319 1401 1349 et
1424 1319 1573 1360 propter
1594 1323 1656 1349 eas
1677 1313 1868 1349 inveniunt

590 1371 863 1406 benedictiones
896 1383 917 1406 a
951 1371 1045 1406 Deo.
1110 1371 1160 1407 Et
1201 1371 1645 1407 similiter·sraternitates
1675 1371 1868 1417 generales

593 1428 727 1464 debent
746 1427 820 1464 fieri
838 1434 988 1475 propter
1006 1429 1152 1464 easdem
1170 1441 1310 1465 causas.

408 1501 526 1528 nem„
643 1484 692 1521 Et
726 1496 799 1532 quo
831 1486 945 1522 modo
972 1486 1006 1522 in
1030 1486 1180 1533 speciali
1205 1487 1325 1522 oratio
1358 1485 1614 1522 convenienter
1647 1485 1724 1529 fiat,
1755 1486 1869 1522 docet

408 1536 559 1602 ΜΕἪ*
595 1542 754 1578 Hermes
771 1543 974 1578 Mercurius
994 1544 1030 1578 in
1052 1544 1145 1578 libro
1170 1545 1219 1578 de
1242 1543 1381 1584 divinis,
1400 1543 1576 1589 incipiens
1599 1544 1661 1586 sic,
1680 1543 1871 1578 Praeclare

406 1582 476 1602 onw
553 1581 579 1609 p.
593 1599 679 1635 nihil
697 1601 800 1636 deest
819 1601 888 1646 ipsi
908 1601 1001 1645 Deo,
1020 1602 1084 1636 sed
1103 1612 1170 1636 nos
1185 1606 1339 1647 agentes
1359 1601 1498 1647 gratias
1521 1601 1728 1636 adoremus.
1782 1601 1869 1636 Hae

590 1656 690 1694 enim
706 1662 792 1693 sunt
808 1669 974 1694 summae
993 1658 1219 1694 incensiones
1234 1657 1303 1694 Dei
1321 1669 1405 1694 curn
1423 1658 1538 1705 gratia
1554 1664 1714 1704 aguntur
1729 1669 1752 1694 a
1770 1668 1868 1694 πιοτ-

592 1714 737 1750 talibus.
790 1715 840 1750 Et
859 1715 968 1751 infert
986 1715 1152 1751 'Gratias
1172 1716 1241 1751 tibi
1256 1727 1410 1759 summe,
1427 1715 1787 1762 exsuperanfissime,
1803 1721 1870 1750 tua

593 1772 690 1807 enim
708 1773 827 1818 gratia
846 1778 988 1809 tantum
1012 1784 1139 1809 sumus
1163 1773 1385 1820 cognitionis
1409 1781 1494 1809 tuae
1519 1773 1643 1808 lumen
1669 1773 1869 1808 consecuti.

595 1828 630 1866 Ο
657 1840 792 1866 nomen
819 1835 986 1866 sanctum
1011 1837 1049 1867 et
1074 1831 1331 1867 honorandum
1359 1842 1492 1866 nornen
1518 1836 1634 1870 tuum,
1658 1840 1736 1876 quo
1767 1829 1871 1866 solus

596 1886 699 1924 Deua
724 1893 779 1924 est
803 1888 1074 1925 benedicendus
1099 1889 1275 1935 religione
1301 1895 1463 1935 paterna,
1496 1888 1670 1934 quoniam
1701 1887 1871 1924 omnibus

596 1950 784 1991 paternam
812 1946 988 1991 pietatem
1014 1952 1052 1983 et
1079 1946 1290 1992 religionem
1316 1952 1354 1981 et
1379 1956 1543 1980 amorem
1570 1952 1606 1981 et
1632 1956 1872 1991 quaecunque

597 2007 681 2038 sunt
699 2003 851 2039 dulciori
868 2004 1028 2039 efficacia
1039 2005 1213 2050 praebere
1227 2004 1399 2049 digneris,
1414 2008 1451 2039 et
1467 2004 1585 2038 donas
1601 2004 1707 2038 nobis
1723 2013 1871 2038 sensum

598 2060 772 2096 rationem
808 2066 846 2096 et
886 2060 1176 2107 inteiligentiam.
1230 2060 1385 2097 Sensum
1421 2066 1461 2097 ut
1501 2067 1541 2096 te
1581 2071 1872 2107 cognoscamus;

599 2117 777 2154 rationem
812 2123 851 2153 ut
886 2124 923 2153 te
957 2116 1168 2165 limpidius¹
1195 2118 1439 2165 indagemus;
1465 2117 1740 2165 intelligentiam
1766 2122 1808 2153 ut
1834 2122 1874 2153 te

599 2181 863 2220 cognoscentes
888 2176 1124 2221 gaudeamus,
1150 2187 1192 2211 ac
1221 2176 1367 2211 numine
1394 2181 1458 2211 tuo
1483 2175 1612 2210 salvati
1645 2175 1874 2220 gaudeamus

597 2233 697 2278 quod
729 2238 768 2269 te
800 2233 906 2268 nobis
938 2234 1138 2270 ostenderis
1176 2238 1308 2274 totum,
1341 2233 1567 2280 gaudeamus
1599 2233 1698 2278 quod
1735 2243 1804 2268 nos
1836 2232 1875 2268 in

604 2290 817 2336 corporibus
832 2290 922 2327 sitos
934 2291 1139 2327 aeternitati
1157 2290 1265 2326 fueris
1283 2300 1494 2324 consecrare
1507 2289 1681 2335 dignatus
1689 2288 1714 2323 ².
1767 2289 1875 2324 Haec

599 2347 697 2382 enirn
728 2353 782 2382 est
815 2347 895 2382 sola
927 2348 1088 2383 humana
1121 2348 1330 2393 gratulatio,
1359 2354 1443 2382 tuae
1475 2346 1636 2392 cognitio
1662 2347 1875 2392 majestatis.

604 2403 639 2441 O
657 2404 755 2440 vitae
770 2416 855 2441 vera
870 2407 943 2441 vita
959 2409 968 2442 Ι
994 2405 1030 2442 O
1045 2411 1255 2441 naturarum
1274 2404 1436 2440 omnium
1453 2402 1629 2440 faecunda
1641 2403 1875 2451 praegnatiol

599 2462 841 2508 cognovimus
875 2470 925 2507 te,
950 2469 1097 2499 aeterna
1122 2462 1390 2510 perseveratiot
1444 2461 1490 2498 In
1527 2462 1627 2498 omni
1664 2462 1774 2508 igitur
1804 2462 1877 2498 ista

600 2520 766 2555 oratione
790 2525 828 2555 te
852 2520 1051 2556 adorantes
1074 2521 1143 2556 hoc
1175 2527 1255 2555 tant
1273 2531 1320 2554 »m
1345 2520 1587 2568 deprecamur
1618 2524 1658 2555 ut
1693 2531 1759 2555 nos
1786 2519 1876 2564 velis

600 2588 746 2613 servare
760 2582 1033 2623 perseverantes
1059 2579 1093 2613 in
1114 2589 1241 2613 amore
1265 2577 1482 2624 cognitionis
1507 2584 1603 2619 tuae,
1626 2581 1663 2612 et
1687 2588 1876 2623 nunquam

601 2633 650 2670 ab
666 2633 735 2670 hoc
750 2634 850 2670 vitae
866 2645 997 2681 genere
1017 2635 1190 2680 separari.
1244 2634 1325 2670 Hoc
1352 2640 1523 2680 optantes
1547 2634 1792 2671 convertimus
1808 2638 1877 2670 nos

602 2691 649 2726 ad
667 2702 797 2737 puram
815 2697 852 2728 et
870 2692 948 2726 sine
965 2692 1183 2729 animalibus
1201 2692 1376 2727 coenam!

417 2761 510 2823 lffngaln
651 2749 710 2784 De
732 2749 917 2784 sacrificiis
941 2761 1029 2785 vero
1052 2761 1190 2794 eorum,
1208 2750 1470 2794 oblationibus„
1485 2756 1522 2786 et
1547 2750 1783 2786 caerimoniis
1805 2761 1878 2786 non

417 2804 486 2846 ’ΜΡ
601 2812 658 2842 est
690 2817 714 2842 o
743 2818 783 2842 us
820 2817 1025 2842 sermonem
1059 2812 1201 2848 texere,
1261 2806 1321 2843 uia
1359 2819 1401 2843 su
1452 2808 1614 2844 rstitiosa
1654 2807 1797 2844 fuerunt
1839 2813 1879 2844 et

416 2832 564 2896 1532?
601 2817 744 2900 inutilig
768 2876 835 2911 pro
861 2864 990 2911 majori
1017 2870 1131 2912 parte,
1155 2865 1224 2900 nisi
1234 2819 1287 2900 qin
1313 2819 1492 2912 quanlzieim
1518 2865 1641 2911 aliqua
1663 2864 1879 2912 absumpse-

417 2904 513 2933 Μ
526 2904 561 2941 ιη
640 2927 648 2944 ¹
668 2930 821 2965 limpidius,
835 2929 872 2959 O.
886 2936 914 2958 et
929 2931 980 2963 D.;
1000 2931 1216 2966 suspicionibus,
1234 2931 1272 2959 Μ.
1349 2931 1361 2947 ¹
1376 2939 1546 2959 consecrare
1558 2931 1695 2966 digneris,
1709 2931 1745 2959 Ο.
1757 2935 1786 2959 et
1798 2930 1834 2960 D.
