2350 3580
444 2033 597 2062 Luminou·

443 2069 540 2098 bodies
552 2070 580 2098 in

443 2105 521 2143 :apid
534 2115 594 2134 mo-

442 2142 512 2171 tion.

635 515 698 539 102
876 505 1050 540 OPERIS
1076 505 1284 545 MAJoRIs
1310 505 1439 539 PARS
1465 505 1654 546 QUINTA.

629 607 739 632 causa
764 601 918 643 possunt
942 595 1058 632 videri
1089 607 1156 642 per
1186 596 1326 643 species
1357 606 1443 632 suas
1476 595 1627 632 diffusas
1660 595 1697 630 in
1734 593 1908 631 umbram

632 665 744 700 usque
761 654 809 689 ad
827 654 987 690 oculum.
1038 652 1113 690 Sed
1132 659 1256 700 partes
1272 653 1415 689 orbium
1434 653 1670 693 illuminatae,
1689 657 1727 688 et
1749 652 1909 699 sphaera

631 711 725 757 ignis
741 717 779 748 et
796 723 859 747 aer
875 716 983 747 extra
999 711 1167 747 umbram
1184 717 1270 747 sunt
1284 722 1439 757 corpora
1456 711 1564 747 nimis
1581 721 1670 752 rara,
1686 721 1753 746 nec
1764 710 1908 746 habent

631 768 748 806 lucem
783 768 896 804 fixam
930 768 997 804 sed
1029 773 1291 811 transeuntem,
1316 774 1354 804 et
1387 768 1471 804 ideo
1509 768 1640 805 debilis
1673 768 1738 803 lux
1770 772 1838 809 est,
1868 773 1908 803 et

631 825 788 862 multum
807 827 966 869 distant3
992 837 1042 861 ex
1059 826 1192 872 quibus
1202 826 1321 862 causis
1336 826 1451 862 videri
1464 836 1538 862 non
1552 831 1705 872 possunt
1718 826 1767 861 de
1783 831 1907 867 nocte,

629 884 717 929 quia
737 883 878 930 species
899 884 1048 934 yeniens
1070 883 1118 918 ab
1140 884 1192 919 eis
1215 883 1251 919 in
1274 884 1443 919 umbram
1466 889 1523 919 est
1547 884 1656 919 nimis
1678 882 1820 926 debilis,
1837 893 1908 918 nec

630 946 754 987 potest
780 941 927 977 oculum
955 941 1160 977 immutare.
1212 939 1288 977 Sed
1311 942 1463 987 quando
1482 941 1537 977 sol
1564 941 1835 987 appropinquat
1856 941 1907 976 ad

629 1004 763 1042 ortum,
779 1003 817 1034 et
841 998 912 1034 hoc
937 1004 994 1034 est
1017 998 1167 1044 quando
1192 1003 1248 1034 est
1274 999 1309 1033 in
1333 998 1478 1034 decimo
1493 1004 1627 1035 octavo
1642 998 1759 1045 gradu
1779 997 1907 1033 circuli

630 1067 719 1092 suae
738 1056 981 1102 depressionis
1002 1056 1072 1092 sub
1096 1056 1297 1098 horizonte,
1316 1056 1519 1092 secundum
1545 1056 1646 1102 quod
1672 1055 1909 1092 Ptolemaeus

630 1114 739 1150 docet
756 1114 793 1149 in
806 1113 1014 1160 Almagesti
1023 1112 1046 1156 ¹,
1057 1119 1145 1149 tunc
1158 1113 1249 1149 radii
1266 1113 1346 1159 ejus
1358 1114 1497 1149 cadunt
1509 1114 1546 1149 in
1558 1124 1642 1149 aere
1651 1113 1908 1160 propinquiori

630 1171 679 1206 ad
695 1182 774 1214 nos,
792 1176 829 1206 et
847 1171 1100 1217 ingrediuntur
1116 1171 1367 1206 summitatem
1389 1172 1543 1206 umbrae
1559 1176 1598 1206 et
1621 1170 1734 1206 latera
1759 1170 1850 1216 ejus,
1867 1176 1909 1207 et

630 1228 681 1263 sic
698 1234 820 1275 potest
838 1239 900 1264 aer
917 1228 1140 1264 illuminatus
1154 1228 1394 1274 propinquior
1411 1227 1530 1264 facere
1542 1228 1702 1274 speciem
1717 1227 1907 1264 fortiorem

629 1285 678 1320 ad
697 1285 855 1328 oculum,
872 1291 909 1321 et
935 1285 1062 1331 incipit
1086 1285 1210 1321 videre
1234 1297 1330 1329 eum,
1346 1291 1384 1321 et
1408 1286 1525 1331 magis
1541 1286 1685 1321 videtur
1701 1286 1907 1322 secundum

631 1343 731 1388 quod
749 1343 988 1389 propinquior
1003 1343 1214 1379 illustratur.
1248 1341 1414 1379 Additur
1426 1348 1549 1379 autem
1568 1342 1616 1379 ad
1634 1343 1729 1379 hanc
1744 1353 1907 1386 causam,

631 1401 730 1446 quod
757 1411 820 1436 aer
844 1400 1086 1448 propinquior
1110 1407 1168 1437 est
1197 1401 1356 1444 densior,
1381 1406 1419 1437 et
1443 1401 1640 1448 praecipue
1664 1403 1812 1447 quando
1837 1400 1905 1436 lux

628 1458 731 1494 venit
779 1459 842 1494 ad.
867 1469 989 1494 aerem
1029 1469 1260 1505 vaporowm,
1301 1459 1405 1504 cnjus
1442 1459 1601 1495 altitudo
1642 1460 1806 1495 maxima
1847 1464 1908 1495 est

629 1515 896 1562 quinquaginta
921 1521 959 1551 et
984 1526 1097 1551 unum
1122 1516 1297 1559 milliaria,
1318 1522 1355 1552 et
1375 1516 1558 1562 quaedam
1584 1521 1707 1562 partes
1731 1515 1908 1561 milliaris,

629 1574 829 1608 secundum
863 1574 964 1619 quod
991 1574 1264 1609 demonstratur
1296 1574 1333 1609 in
1366 1573 1461 1610 libro
1492 1574 1540 1610 de
1574 1572 1827 1621 Crepusculis;
1866 1578 1908 1609 et

630 1636 781 1677 propter
806 1631 1028 1666 densitatem
1054 1631 1149 1666 hanc
1174 1631 1257 1677 plus
1282 1631 1456 1667 retinetur
1479 1631 1527 1667 de
1552 1631 1633 1667 luce
1665 1631 1703 1666 in
1731 1631 1797 1667 tali
1819 1642 1907 1667 aere

631 1688 756 1731 denso,
780 1688 874 1724 sicut
899 1688 937 1724 in
962 1688 1088 1732 stellis,
1113 1694 1151 1724 et
1176 1689 1261 1725 ideo
1286 1689 1327 1725 fit
1352 1688 1480 1725 sortior
1505 1689 1645 1735 species
1668 1689 1717 1724 ad
1746 1688 1905 1725 oculum.

632 1745 683 1781 Et
702 1745 793 1782 haec
815 1746 921 1781 nobis
941 1748 1150 1791 ostendunt,
1170 1747 1270 1793 quod
1296 1758 1427 1783 aurora
1449 1757 1524 1782 non
1543 1747 1584 1782 fit
1607 1758 1672 1793 per
1688 1746 1905 1783 fractionem

629 1802 686 1839 vel
706 1802 941 1839 reflexionem
954 1803 1047 1840 lucis
1060 1805 1097 1840 in
1115 1804 1221 1848 nube,
1239 1805 1333 1841 sicut
1349 1805 1469 1841 sciunt
1487 1804 1673 1847 instructi3
1698 1805 1763 1840 sed
1781 1803 1824 1839 fit
1840 1816 1907 1851 per

629 1861 789 1906 speciem
818 1861 907 1897 solis
937 1861 1210 1904 accidentalem,
1235 1873 1330 1908 quae
1353 1863 1453 1898 venit
1477 1862 1527 1898 ad
1552 1873 1619 1898 nos
1643 1873 1666 1897 a
1691 1862 1802 1898 radiis
1826 1862 1907 1908 ejus

629 1918 903 1955 transeuntibus
914 1920 950 1955 in
961 1930 1045 1955 aere
1055 1931 1236 1966 vaporoso
1246 1926 1284 1955 et
1295 1919 1474 1963 nubiloso,
1487 1920 1579 1955 sicut
1592 1931 1615 1956 a
1626 1920 1729 1956 radio
1740 1920 1828 1956 solis
1839 1931 1907 1967 per

630 1975 826 2012 fenestram
844 1977 1000 2013 cadente
1015 1977 1115 2013 venit
1129 1978 1270 2023 species
1282 1978 1518 2014 accidentalis
1532 1989 1596 2024 per
1607 1983 1725 2014 totam
1739 1979 1904 2014 domum.

679 2033 832 2071 Accidit
849 2034 973 2078 etiam,
985 2035 1087 2081 quod
1103 2034 1170 2070 lux
1188 2047 1310 2082 parva,
1326 2036 1402 2071 sive
1417 2046 1549 2083 corpus
1562 2036 1724 2072 lucidum
1738 2036 1905 2073 modime

632 2092 859 2138 quantitatis,
891 2098 1067 2139 appareat
1093 2093 1292 2139 aliquando
1322 2104 1480 2139 magnae
1512 2094 1737 2130 extensionis
1769 2095 1806 2129 in
1839 2094 1905 2130 ali-

632 2149 765 2196 quibus
782 2155 933 2195 propter
948 2150 1157 2186 sensibilem
1175 2150 1388 2187 distantiam
1410 2158 1449 2188 et
1474 2157 1597 2188 motus
1616 2151 1841 2189 celeritatem
1867 2153 1905 2189 in

629 2207 744 2243 stellis
761 2208 1046 2244 discurrentibus
1057 2207 1082 2251 ²,
1097 2209 1193 2245 sicut
1210 2209 1298 2245 dicit
1317 2209 1550 2245 Ptolemaeus
1575 2209 1611 2245 in
1633 2211 1796 2246 secundo
1820 2210 1905 2246 Per-

628 2265 824 2312 spectivae.
860 2265 958 2301 Nam
971 2266 1230 2314 impressiones
1244 2266 1492 2309 inflammatae
1503 2269 1539 2304 in
1552 2279 1637 2304 aere
1646 2279 1695 2303 ex
1706 2269 1904 2315 vaporibus

629 2323 755 2370 ignitis
788 2324 825 2359 in
857 2323 1134 2360 similitudinem
1168 2325 1370 2369 stellarum,
1404 2337 1499 2372 quae
1530 2331 1709 2362 vocantur
1741 2326 1904 2363 Arabice

629 2381 756 2417 Assub
767 2381 782 2402 ³
798 2383 999 2418 ascendens
1016 2388 1054 2418 et
1071 2383 1308 2427 descendens,
1326 2390 1411 2420 sunt
1428 2395 1583 2430 corpora
1598 2395 1734 2431 parvae
1757 2385 1903 2430 quanti-

664 2466 672 2482 ¹
691 2466 762 2494 This
773 2467 856 2494 word
869 2466 895 2494 is
907 2467 1043 2502 properly
1055 2469 1171 2496 written
1184 2469 1344 2505 al-mijnstig
1363 2470 1414 2497 the
1426 2470 1436 2497 i
1446 2470 1534 2505 being
1544 2470 1622 2505 long,
1636 2471 1861 2506 corresponding
1873 2476 1905 2500 to

628 2510 677 2537 the
691 2510 789 2538 Greek
802 2521 818 2544 η
832 2511 860 2538 in
874 2509 1000 2546 μεγίστη.
1040 2511 1073 2540 In
1090 2513 1129 2540 ita
1147 2513 1229 2541 Latin
1248 2514 1320 2542 form
1338 2513 1361 2542 it
1376 2514 1400 2542 is
1418 2514 1537 2550 usually,
1552 2515 1663 2549 though
1675 2519 1727 2542 not
1740 2515 1903 2551 uniformly,

628 2554 738 2581 treated
751 2562 783 2581 aa
795 2554 993 2583 indeclinnble.

663 2597 674 2612 ¹
694 2596 729 2624 Pt
759 2617 766 2624 .
845 2598 850 2604 '
902 2619 908 2626 .
955 2619 963 2626 .

665 2640 676 2657 ⁸
694 2597 1020 2669 Aslor‘izpmlig-tgiend
1033 2643 1159 2671 referred
1172 2652 1218 2671 me
1230 2648 1261 2672 to
1275 2644 1424 2679 Freytag’s
1436 2645 1539 2673 Arabic
1554 2645 1680 2673 Lexieon
1692 2654 1699 2673 ε
1716 2643 1797 2678 ‘’a-22⁸»,
1812 2646 1904 2675 nubes

629 2683 794 2718 rubicunda,
813 2693 957 2719 apparens
975 2685 1004 2713 in
1024 2695 1127 2722 magna
1146 2687 1274 2715 siccitate
1292 2687 1379 2717 anni.'
1414 2688 1471 2716 But
1492 2689 1639 2717 Protessor
1657 2688 1743 2723 Rieu,
1763 2690 1831 2717 who
1850 2691 1903 2718 has

629 2727 729 2763 kindiy
751 2728 902 2756 examined
923 2729 980 2757 this
999 2737 1122 2765 passage
1141 2730 1185 2758 for
1203 2739 1249 2758 me
1268 2731 1293 2758 is
1313 2731 1419 2767 clearly
1438 2732 1471 2759 of
1486 2732 1603 2767 opinion
1623 2733 1684 2761 that
1703 2733 1752 2761 the
1770 2734 1854 2762 word
1873 2734 1903 2762 in
