2350 3580
618 490 687 536 518
922 491 1022 525 um,
1027 490 1209 524 TJPLJCA
1217 490 1294 523 Tlo
1321 489 1412 524 SPE
1413 489 1608 523 CJERUM.

669 581 710 618 Si
722 592 814 618 ,vero
832 580 975 617 dicatur
994 581 1116 617 solum
1139 580 1360 617 contrarium
1384 580 1533 620 resistit,
1548 585 1587 615 et
1614 578 1753 614 multis
1778 577 1907 624 specic-

621 640 692 676 bus
708 638 798 674 nihil
816 644 872 674 est
889 639 1123 678 contrarium,
1137 644 1179 673 ut
1194 637 1329 684 speciei
1347 636 1437 673 lucis
1454 642 1492 673 et
1508 636 1716 682 cujuslibet
1734 636 1908 677 eoelestis.

622 702 660 733 et
676 696 790 733 c'olori
812 701 850 732 et
873 696 996 743 sapori
1021 701 1059 732 et
1084 693 1307 740 hujusmodi,
1323 705 1419 740 quae
1442 700 1655 740 sequuntur
1679 693 1908 734 mixtionem,

622 753 819 789 dicendum
835 758 892 788 est
908 753 1008 799 quod
1024 752 1150 788 virtuti
1167 751 1317 788 coelesti
1342 763 1414 787 non
1438 757 1494 788 est
1520 751 1666 798 aliquid
1684 751 1906 788 contrarium

621 811 789 846 absolute
805 811 1007 846 secundum
1023 821 1129 846 suam
1146 809 1366 852 essentiam;
1399 808 1546 844 effectui
1571 814 1703 844 tamen
1732 808 1908 854 equivoco

622 868 713 914 ejus,
728 867 933 913 cujusmodi
957 872 1013 903 est
1035 867 1237 910 rarefactio,
1254 872 1312 902 est
1334 866 1473 912 aliquid
1497 867 1745 909 contrarium,
1762 871 1803 901 et
1819 865 1908 901 simi-

623 925 705 961 liter
729 930 786 961 est
810 926 857 961 de
871 924 1177 966 ·condensatione,
1191 928 1230 959 et
1254 923 1335 959 aliis
1359 929 1417 959 est
1439 922 1580 969 aliquid
1606 923 1857 966 contrarium,
1876 928 1908 958 et

623 983 694 1029 ipsi
726 983 761 1018 in
795 987 978 1028 quantum
1009 987 1064 1017 at
1103 981 1264 1017 efficiens
1294 982 1513 1017 contrariam
1551 981 1847 1027 dispositionem
1877 979 1908 1015 in

624 1039 788 1081 materia,
804 1046 842 1075 et
864 1039 916 1074 sic
937 1038 986 1074 de
1010 1038 1135 1075 colore
1154 1044 1192 1074 et
1216 1038 1297 1074 aliis
1319 1049 1416 1084 quae
1439 1044 1524 1074 sunt
1549 1038 1587 1074 in
1613 1038 1765 1075 mixtis.
1818 1037 1908 1073 Nam

624 1098 754 1133 eodem
778 1097 892 1133 modo
916 1102 973 1132 est
997 1097 1045 1132 de
1068 1097 1134 1139 eis,
1148 1096 1245 1132 sicut
1269 1097 1317 1132 de
1340 1096 1559 1132 coelestibus
1582 1096 1729 1139 activis,
1747 1102 1790 1131 et
1815 1096 1909 1141 quod

624 1154 708 1200 plus
723 1158 789 1194 est,
806 1154 892 1200 quia
911 1153 947 1189 in
972 1153 1043 1190 illis
1066 1153 1207 1190 relucet
1231 1154 1429 1199 vestigium
1452 1153 1728 1198 contrarietatis
1753 1153 1908 1189 elemen-

623 1211 724 1255 taris,
746 1212 834 1257 quia
862 1223 885 1247 a
913 1210 1154 1257 qualitatibus
1178 1210 1443 1247 elementorum
1473 1211 1670 1247 contrariis
1701 1218 1908 1247 causantur.

625 1269 677 1305 Et
693 1269 778 1306 licet
794 1280 868 1305 non
885 1269 932 1305 sit
947 1269 984 1304 in
1001 1269 1220 1305 coelestibus
1241 1270 1478 1306 contrarietas
1498 1275 1664 1315 quatuor
1687 1270 1907 1316 qualitatum

624 1326 824 1362 activarum
859 1333 898 1362 et
929 1327 1168 1373 passivam-um,
1196 1332 1321 1362 tamen
1353 1327 1402 1362 ibi
1434 1333 1491 1362 est
1523 1328 1773 1362 contrarietas
1804 1338 1909 1374 penoe

625 1394 748 1420 rarum
766 1389 803 1420 et
819 1384 973 1419 densum
990 1389 1029 1419 et
1045 1395 1158 1430 penes
1175 1383 1338 1419 lucidum
1354 1389 1392 1419 et
1408 1384 1603 1419 obscurum
1619 1389 1661 1420 et
1682 1384 1908 1429 hujusmodi,

626 1441 723 1476 sicut
747 1440 892 1476 inferius
916 1441 1122 1477 evidentius
1146 1446 1366 1487 exponetur.
1416 1440 1457 1477 Si
1473 1441 1617 1476 dicatur
1633 1442 1743 1487 quod
1761 1441 1909 1477 materia

625 1499 770 1544 appetit
786 1498 957 1545 speciem,
972 1499 1060 1545 quia
1077 1509 1149 1533 non
1171 1504 1227 1534 est
1244 1498 1282 1533 in
1304 1498 1573 1544 corruptionem
1594 1499 1663 1534 sed
1688 1499 1727 1535 in
1746 1498 1908 1546 comple-

627 1560 803 1599 mentum,
815 1561 856 1591 ut
868 1555 1008 1591 dictum
1024 1560 1082 1591 est
1098 1555 1199 1602 prius
1211 1554 1234 1596 ¹,
1244 1566 1358 1601 quare
1371 1566 1444 1591 non
1456 1555 1614 1598 resistit3
1632 1556 1844 1594 dicendum
1856 1562 1907 1592 eet

628 1612 729 1660 quod
761 1612 845 1648 licet
874 1624 957 1648 eam
982 1617 1148 1660 appetat,
1176 1617 1301 1648 tamen
1331 1618 1387 1648 αἱ
1415 1612 1465 1647 ibi
1491 1613 1617 1659 aliqua
1643 1614 1908 1655 transmutatio

629 1669 774 1706 modica
790 1670 885 1705 circa
902 1670 1087 1711 raritatem
1103 1676 1142 1706 et
1158 1667 1392 1713 densitatem,
1408 1675 1445 1706 et
1469 1670 1624 1705 densum
1649 1670 1791 1707 resistit
1816 1681 1906 1707 rare-

628 1726 788 1769 factioni‚
821 1732 859 1762 et
894 1739 916 1762 e
948 1729 1155 1772 contrari03
1192 1738 1289 1774 quae
1322 1733 1445 1763 tamen
1478 1728 1742 1764 transmutatio
1770 1740 1907 1764 recom-

628 1789 804 1831 pensatur
831 1785 868 1819 in
897 1785 1028 1821 melius
1053 1791 1202 1832 propter
1229 1786 1501 1832 generationem
1530 1786 1674 1832 speciei,
1703 1797 1772 1832 per
1797 1797 1907 1832 quam

628 1841 821 1887 quodlibet
837 1842 987 1877 cuilibet
1003 1842 1223 1878 assimilatur
1245 1844 1283 1878 in
1304 1848 1435 1878 natura
1459 1849 1608 1889 propter
1631 1845 1907 1889 generationem

628 1900 771 1945 speciei,
805 1910 871 1945 per
902 1910 1014 1945 quam
1047 1899 1240 1946 quodlibet
1273 1899 1422 1936 cuilibet
1453 1900 1675 1950 assimilatur
1709 1901 1748 1936 in
1780 1908 1908 1937 natura

631 1962 784 2003 propter
798 1956 957 1992 salutem
974 1957 1133 2003 partium
1149 1963 1187 1993 et
1210 1958 1324 1993 totius
1342 1957 1506 1993 universi.
1557 1957 1633 1994 Sed
1657 1958 1753 1995 haec
1777 1959 1909 1994 certius

628 2014 973 2050 determinabuntur
1005 2014 1162 2057 inferius,
1189 2016 1337 2060 quando
1364 2017 1412 2052 de
1444 2016 1677 2062 corruptione
1704 2017 1907 2064 specierum

629 2077 758 2118 agetur
768 2071 793 2106 ².

444 2133 507 2161 The
558 2169 565 2176 ·
678 2127 822 2164 Deinde
847 2129 1065 2164 accedamus
1089 2129 1137 2165 ad
1162 2129 1413 2173 debilitatem;
1437 2135 1475 2165 et
1502 2130 1699 2166 dicendum
1727 2138 1787 2168 eut
1809 2133 1908 2178 quod

443 2169 608 2242 {5332}
628 2185 768 2233 species
801 2187 1014 2223 debilitatur
1044 2187 1160 2234 magis
1189 2198 1233 2223 ac
1260 2189 1377 2234 magis
1407 2187 1443 2223 in
1469 2188 1683 2234 corporibus
1713 2191 1845 2225 muudi
1874 2191 1908 2225 in

442 2243 575 2271 distance.
628 2244 762 2290 quibus
787 2244 1059 2291 multiplicatur,
1080 2252 1260 2291 quantum
1287 2250 1344 2280 est
1367 2246 1415 2281 de
1440 2250 1572 2281 natura
1596 2245 1910 2293 multiplicationis

628 2302 850 2337 transeuntis
874 2314 970 2349 quae
995 2309 1122 2338 manet
1147 2303 1218 2338 sub
1243 2303 1385 2339 ratione
1408 2303 1552 2349 speciei.
1602 2303 1702 2339 Nam
1728 2304 1803 2341 hoc
1828 2306 1910 2342 dico

630 2364 779 2405 propter
810 2359 880 2395 hoc
912 2360 1013 2405 quod
1042 2361 1182 2406 species
1211 2361 1408 2406 impeditur
1437 2361 1638 2406 aliquando
1662 2363 1822 2398 transire
1847 2374 1911 2409 per

630 2416 793 2451 medium
827 2416 999 2463 corporis,
1026 2424 1063 2453 et
1096 2419 1229 2454 accidit
1262 2418 1363 2464 quod
1402 2418 1488 2453 illud
1522 2429 1654 2465 corpus
1689 2425 1823 2456 natum
1857 2426 1910 2456 est

629 2473 790 2520 recipere
815 2475 975 2520 speciem
999 2476 1174 2511 continue
1197 2481 1409 2521 generatam
1436 2476 1472 2511 in
1497 2486 1552 2519 eo,
1568 2476 1668 2511 unde
1693 2476 1913 2514 fortificatur

628 2531 769 2576 species
785 2536 823 2566 et
841 2530 883 2566 fit
902 2531 1053 2567 effeetus
1078 2532 1294 2579 completus,
1309 2532 1403 2569 sicut
1428 2533 1559 2568 accidit
1583 2534 1630 2569 de
1656 2532 1738 2570 luce
1763 2535 1853 2571 solis
1876 2535 1911 2571 in

629 2599 782 2634 corpore
814 2588 924 2625 lunae
960 2595 997 2624 et
1029 2589 1231 2625 stellarum.
1294 2590 1345 2627 Et
1379 2592 1519 2637 species
1561 2591 1654 2637 ignis
1697 2591 1914 2630 fortificatur

629 2646 782 2692 quando
799 2647 952 2682 materia
970 2648 1136 2690 occurrit,
1154 2653 1195 2683 ut
1212 2649 1248 2683 in
1266 2650 1522 2684 combustione
1538 2659 1672 2694 magna
1690 2657 1860 2696 apparet,
1876 2657 1913 2687 et

776 2710 786 2727 ¹
804 2711 849 2741 Cf.
863 2721 910 2748 pp.
924 2713 1025 2748 417—8.
1296 2713 1308 2731 ⁸
1326 2713 1369 2742 Cf.
1384 2713 1450 2742 Part
1462 2713 1513 2743 Vl.
1525 2713 1625 2742 orthis
1636 2715 1765 2744 uenti-e.
