2350 3580
733 1083 1234 1126 PERSPECTIVAE
1263 1084 1435 1126 PARS
1475 1083 1715 1126 TERTIA
1735 1101 1747 1125 .-

981 1185 1293 1224 DISTINCTIO
1320 1185 1501 1222 PRIMA.

655 1276 697 1312 ln
717 1288 790 1323 qua
808 1278 995 1313 descendit
1012 1284 1141 1314 auctor
1157 1279 1205 1313 ad
1220 1279 1397 1314 visionem
1416 1276 1592 1314 reflexam
1609 1282 1647 1313 et
1664 1276 1878 1321 fractam,et

604 1334 716 1371 habet
735 1341 807 1371 tres
817 1335 1077 1372 distinctiones.
1128 1336 1250 1372 Prima
1263 1342 1319 1372 est
1336 1336 1383 1372 de
1403 1335 1541 1371 reflexo
1558 1336 1647 1380 visu,
1658 1335 1798 1372 habens
1809 1347 1876 1371 sex

604 1392 772 1439 capitula.
825 1393 986 1428 Primum
1003 1399 1059 1428 est
1074 1393 1121 1428 de
1139 1393 1341 1428 reflexione
1356 1394 1392 1429 in
1412 1393 1601 1429 universali
1614 1392 1638 1429 ¹.

1085 1512 1338 1552 cursurum
1367 1516 1394 1552 1.

651 1601 790 1637 Habito
807 1602 856 1636 de
871 1602 950 1637 visu
969 1601 1068 1638 facto
1086 1603 1288 1638 secundum
1307 1603 1421 1638 lineas
1436 1607 1561 1644 rectas,
1572 1612 1667 1637 nunc
1681 1601 1876 1637 dicendum

602 1665 657 1694 est
695 1660 741 1695 de
775 1658 852 1695 aliis
890 1661 1019 1702 modis,
1052 1660 1191 1696 scilicet
1225 1671 1290 1707 per
1324 1661 1439 1695 lineas
1472 1658 1627 1694 reflexas
1663 1665 1701 1694 et
1734 1658 1876 1694 fractas.

416 1718 520 1748 Nnuure
533 1720 587 1748 und
603 1715 786 1762 Quoniam
815 1722 939 1752 autem
963 1728 1008 1753 ea
1032 1729 1128 1765 quae
1150 1724 1239 1753 sunt
1263 1717 1363 1753 dicta
1392 1717 1439 1752 de
1472 1717 1636 1763 partibus
1665 1716 1810 1751 animae
1839 1722 1875 1751 et

415 1756 553 1820 Ξςῗζξςὲῐῃ,
600 1775 866 1820 compositione
909 1775 1015 1818 oculi,
1057 1781 1094 1810 et
1137 1776 1186 1810 de
1225 1775 1366 1810 incessu
1413 1774 1546 1820 speciei
1589 1775 1625 1809 in
1665 1773 1796 1808 tunicis
1838 1780 1876 1807 et

600 1832 815 1868 humoribus
839 1833 934 1868 oculi
961 1844 1074 1878 usque
1099 1833 1145 1867 ¹ad
1172 1843 1323 1867 nervum
1347 1843 1589 1873 communem,
1607 1835 1645 1866 et
1669 1832 1718 1866 de
1742 1830 1875 1876 triplici

601 1890 715 1925 modo
726 1890 972 1935 cognoscendi
986 1890 1169 1926 sensibilia
1182 1900 1248 1936 per
1260 1889 1380 1924 solum
1392 1899 1550 1931 sensum,
1561 1895 1596 1924 et
1607 1887 1875 1934 syllogismum,

600 1952 637 1981 et
656 1947 855 1990 scientiam,
872 1953 959 1983 sunt
977 1947 1188 1983 communia
1204 1947 1336 1983 visioni
1355 1946 1474 1983 factae
1492 1957 1556 1991 per
1574 1946 1686 1980 lineas
1705 1950 1820 1980 rectas
1838 1951 1875 1980 ct

600 2004 755 2039 reflexas
772 2010 810 2039 et
828 2005 968 2046 fractas,
986 2005 1068 2039 ideo
1084 2004 1259 2049 pauciora
1275 2009 1361 2038 sunt
1383 2004 1432 2038 de
1454 2003 1510 2038 his
1534 2003 1701 2038 dicenda,
1752 2003 1874 2038 Primo

599 2072 688 2106 ergo
712 2061 806 2096 circa
830 2061 931 2097 visus
957 2060 1194 2096 reflexionem
1221 2060 1454 2096 recolendum
1483 2066 1547 2101 est.
1570 2060 1666 2107 quod
1694 2066 1874 2106 quantum

598 2119 645 2154 ad
668 2112 843 2163 ⁸indicium
872 2119 968 2154 visus
992 2118 1143 2154 humani
1165 2109 1345 2154 densum*
1370 2124 1490 2165 potest
1515 2117 1694 2162 impedire
1714 2118 1874 2162 speciem

599 2176 749 2211 omnino
768 2181 806 2210 ut
825 2177 942 2222 paries
959 2181 996 2210 et
1018 2175 1228 2220 hujusmodi
1251 2177 1374 2218 densa,
1390 2176 1446 2210 vel
1472 2176 1506 2210 in
1530 2181 1633 2221 parte
1656 2181 1694 2210 ut
1716 2187 1814 2220 aqua
1839 2181 1875 2210 et

599 2233 732 2268 vitrum
752 2238 788 2268 et
806 2232 1008 2278 crystallus.
1059 2233 1157 2268 Nam
1174 2245 1285 2268 omne
1301 2234 1454 2268 densum
1472 2234 1506 2268 in
1523 2238 1701 2278 quantum
1720 2232 1874 2268 densum

600 2290 752 2327 reflectit
770 2291 939 2338 speciem¹
952 2291 1017 2325 sed
1036 2301 1110 2327 non
1128 2291 1214 2336 quia
1230 2290 1293 2327 fiat
1310 2291 1483 2326 violentia
1498 2290 1641 2335 speciei,
1656 2291 1769 2324 immo
1787 2290 1874 2336 quia

599 2349 739 2394 species
763 2349 877 2384 sumit
897 2349 1123 2384 occasionem
1150 2360 1172 2382 a
1194 2349 1310 2382 denso
1335 2349 1558 2393 impediente
1578 2348 1769 2382 transitum
1796 2347 1874 2392 ejus

599 2411 639 2442 ut
666 2418 730 2453 per
755 2407 863 2442 aliam
891 2408 988 2441 viam
1014 2418 1054 2442 se
1079 2406 1300 2452 multiplicet
1325 2407 1356 2440 ei
1385 2404 1605 2451 possibilem.
1659 2404 1708 2440 Et
1734 2403 1873 2451 duplex

602 2470 657 2499 est
672 2464 826 2499 densum
841 2477 848 2504 ;
877 2474 1045 2510 asperum
1068 2469 1102 2498 et
1121 2463 1290 2509 politum.
1331 2463 1456 2498 Partes
1474 2474 1558 2497 vero
1576 2462 1694 2508 asperi
1712 2463 1873 2508 corporis

600 2533 672 2555 non
690 2521 828 2556 habent
846 2521 1134 2555 conformitatem
1159 2521 1205 2555 ad
1231 2521 1399 2562 invicem,
1415 2528 1452 2555 et
1474 2521 1558 2554 ideo
1581 2519 1768 2565 quaelibet
1787 2519 1871 2554 facit

597 2589 699 2613 suam
719 2579 903 2623 propriam
927 2578 1172 2613 reflexionem.
1225 2578 1275 2613 Et
1301 2584 1450 2624 propter
1470 2579 1541 2612 hoc
1558 2578 1734 2623 dissipant
1752 2582 1869 2612 totam

597 2635 766 2680 speciem.
783 2646 848 2670 nec
868 2641 990 2681 potest
1012 2636 1152 2681 integra
1176 2636 1223 2670 ad
1245 2636 1390 2671 oculum
1419 2635 1615 2681 pervenire,
1632 2631 1667 2670 εἰ
1692 2635 1774 2669 ideo
1799 2645 1871 2670 non

596 2697 719 2737 potest
737 2691 812 2728 fieri
830 2692 1012 2729 sensibilis
1030 2693 1181 2729 reflexio
1208 2704 1272 2728 nce
1300 2693 1583 2738 repraesentatio
1609 2693 1658 2726 rei
1683 2692 1871 2726 videndae.

633 2793 640 2809 ¹
660 2793 730 2820 This
752 2794 877 2829 heading
899 2794 923 2820 is
937 2793 1053 2820 omitted
1074 2794 1102 2820 in
1125 2793 1162 2821 Ο.
1203 2793 1284 2820 With
1308 2793 1355 2820 the
1379 2798 1530 2820 treatment
1554 2793 1585 2820 of
1603 2793 1740 2820 reflexion
1765 2794 1793 2820 in
1814 2793 1871 2820 this

596 2836 739 2863 Doti-«cuo
757 2837 859 2863 should
879 2838 913 2863 be
928 2837 1081 2871 compared
1099 2845 1159 2871 cap.
1175 2844 1229 2871 5-7
1243 2836 1275 2863 os
1286 2837 1333 2863 the
1347 2838 1454 2863 second
1469 2841 1530 2871 ραι-ἰ
1547 2836 1578 2863 os
1594 2835 1636 2863 De
1648 2835 1873 2871 Multiplientiom

596 2880 760 2915 Spen'enam.

634 2925 643 2940 ³
661 2924 703 2952 Cs.
718 2924 774 2951 vol.
789 2924 806 2951 i.
821 2933 848 2959 p.
866 2932 924 2957 ιη.
