2350 3580
377 339 1503 557 -“

1508 443 1511 453 ι

1492 543 1494 553 ι
1610 549 1639 553 -
1746 550 1770 553 —
1823 550 1850 553 ⁷-

775 735 1000 770 stENTIA
1027 734 1463 769 EXPERIMENTALJS.
1691 743 1754 778 171

477 825 653 871 imitatur,
667 830 706 863 et
722 826 824 863 velut
842 825 949 862 simia
966 837 1062 872 quae
1077 837 1191 872 opera
1208 826 1399 863 hominum
1422 826 1552 862 nititur
1572 829 1757 871 peragere,

477 883 646 930 quamvis
662 895 738 920 non
755 883 939 930 intelligat
952 883 1084 920 horum
1102 883 1294 920 rationem.
1334 882 1463 920 Virtus
1477 895 1566 929 ergo
1582 881 1759 918 clarificat

478 946 642 977 mentem
670 946 712 978 ut
739 952 812 978 non
840 941 961 978 solum
990 941 1143 978 moralia
1173 941 1240 977 scd
1274 941 1384 977 ctiam
1415 940 1615 977 scientialia
1643 939 1758 976 homo

477 997 619 1034 facilius
648 999 948 1046 comprehendat.
998 998 1050 1034 Et
1073 998 1143 1034 hoc
1170 998 1325 1044 probavi
1350 998 1545 1043 diiigenter
1568 997 1605 1032 in
1633 997 1759 1032 multis

475 1056 673 1102 juvenibus
691 1057 850 1101 mundis,
861 1057 923 1103 qui
941 1061 1092 1103 propter
1109 1057 1254 1092 animae
1267 1057 1513 1092 innocentiam
1526 1054 1759 1102 profecerunt

477 1113 576 1151 ultra
587 1114 625 1150 id
642 1114 743 1160 quod
760 1114 835 1150 dici
857 1119 990 1161 potest,
1007 1114 1158 1161 quando
1181 1113 1389 1150 habuerunt
1413 1113 1605 1150 consilium
1629 1123 1758 1148 sanum

477 1171 528 1206 de
558 1171 738 1208 doctrina.
803 1171 865 1206 De
895 1172 1028 1219 quibus
1062 1177 1120 1207 ωε
1152 1171 1250 1207 lator
1279 1171 1542 1218 praesentium,
1574 1171 1623 1205 ad
1655 1170 1759 1217 cujus

478 1229 619 1264 radices
636 1229 845 1275 paucissimi
867 1229 1084 1264 Latinorum
1103 1230 1303 1275 attingunt.
1355 1227 1450 1264 Cum
1475 1229 1575 1263 enim
1600 1228 1647 1264 sit
1670 1228 1760 1264 satis

473 1284 656 1331 juve-11³¹,
677 1292 721 1323 ut
743 1286 887 1323 circiter
908 1286 1039 1333 viginti
1068 1297 1261 1329 annorum,
1283 1292 1321 1322 et
1344 1297 1485 1333 pauper
1505 1286 1667 1330 omnino,
1693 1295 1760 1321 nec

479 1344 604 1390 potuit
618 1344 757 1380 habere
773 1344 980 1391 magistros,
998 1355 1065 1380 nec
1081 1344 1330 1390 quantitatem
1346 1345 1454 1380 unius
1470 1344 1556 1380 anni
1577 1343 1701 1390 posuit
1723 1343 1759 1379 in

478 1402 710 1439 addiscendo
743 1402 929 1448 magnalia
957 1413 1054 1448 quae
1082 1402 1162 1443 scit,
1192 1412 1260 1437 nec
1289 1407 1346 1437 est
1372 1401 1497 1447 magni
1528 1401 1663 1446 ingenii
1693 1412 1760 1436 nec

480 1459 690 1502 meinoriae,
714 1471 789 1495 non
814 1465 939 1506 potat
969 1471 1051 1496 oese
1079 1459 1152 1495 alia
1184 1471 1295 1495 causa
1324 1459 1393 1495 nisi
1421 1459 1538 1506 gratia
1566 1459 1636 1494 Dei
1665 1469 1762 1505 quae

480 1521 633 1563 propter
640 1517 858 1553 munditiam
871 1519 1019 1553 animae
1034 1528 1124 1553 suae
1139 1517 1244 1553 dedit
1261 1518 1294 1553 ei
1311 1515 1374 1552 illa
1390 1527 1486 1563 qnae
1500 1515 1574 1552 fere
1589 1516 1763 1552 omnibus

479 1575 713 1611 studentibus
745 1575 885 1611 donare
910 1575 1119 1623 denegavit.
1169 1575 1270 1611 Nam
1301 1575 1407 1622 virgo
1433 1573 1673 1611 immaculata
1706 1585 1764 1610 re-

479 1632 592 1668 cessit
615 1643 637 1668 a
661 1643 725 1668 me
747 1643 815 1668 nec
841 1632 992 1678 aliquod
1019 1643 1134 1678 genus
1160 1633 1305 1678 peccati
1330 1632 1496 1668 mortalia
1520 1632 1626 1677 potui
1653 1632 1690 1667 in
1717 1643 1764 1667 eo

483 1689 651 1733 invenire,
670 1701 883 1736 quanquam
901 1689 1097 1736 diligenter
1113 1690 1294 1736 inquisivi,
1312 1695 1350 1725 et
1367 1690 1451 1725 ideo
1466 1690 1577 1726 habet
1598 1690 1761 1725 animam

480 1747 535 1784 ita
549 1747 686 1784 claram
703 1753 741 1784 et
763 1748 993 1794 perspicuam
1014 1748 1117 1794 quod
1137 1748 1285 1784 modica
1305 1747 1542 1783 instructione
1562 1747 1661 1793 cepit
1679 1747 1765 1792 plus

481 1816 595 1850 qnam
612 1810 736 1850 potest
751 1805 948 1840 aestimari.
999 1805 1050 1842 Et
1067 1806 1133 1841 feci
1153 1812 1195 1840 ut
1210 1805 1376 1852 juvarem
1393 1806 1443 1840 ad
1460 1805 1541 1848 hoe,
1558 1811 1598 1840 ut
1625 1806 1662 1840 hi
1688 1806 1764 1840 duo

478 1862 633 1908 juvenes
660 1863 779 1898 forent
807 1875 897 1898 vasa
926 1864 1033 1899 utilia
1058 1864 1097 1898 in
1129 1863 1295 1899 Ecclesia
1323 1863 1405 1906 Dei,
1434 1869 1616 1909 quatenus
1638 1868 1760 1898 totum

479 1919 645 1956 studium
669 1931 736 1966 per
759 1920 918 1966 gratiam
945 1920 1018 1956 Dei
1042 1920 1246 1956 rectificent
1272 1920 1503 1956 Latinorum.

530 1977 679 2014 Tertius
706 1978 842 2024 gradus
871 1984 929 2014 eet
954 1978 994 2014 in
1018 1985 1163 2025 septem
1188 1979 1296 2014 donis
1323 1977 1485 2024 Spiritus
1514 1977 1654 2020 Sancti,
1670 1989 1764 2024 quae
1778 1985 1866 2014 Other

482 2040 672 2071 enumerat
692 2036 817 2071 isaias.
855 2035 1019 2081 Quartus
1033 2040 1093 2071 est
1110 2037 1145 2071 in
1163 2036 1465 2078 beatitudinibus,
1476 2047 1567 2081 quas
1581 2036 1763 2072 Dominus
1778 2024 1915 2096 ffiflf

483 2094 520 2128 in
536 2092 736 2140 evangeliis
751 2094 981 2130 determinat.
1013 2094 1176 2140 Quintus
1194 2098 1250 2129 est
1267 2094 1303 2128 in
1319 2095 1487 2129 sensibus
1503 2094 1763 2139 spiritualibus.
1778 2096 1948 2132 agaricum.

483 2149 625 2187 Sextus
652 2156 712 2187 ατ
746 2151 783 2186 in
812 2150 1003 2195 fructibus,
1032 2152 1081 2188 de
1111 2150 1245 2197 quibus
1281 2156 1339 2187 est
1369 2150 1447 2196 pax
1481 2151 1636 2187 Domini
1668 2162 1765 2198 quae

482 2213 683 2254 exsuperat
699 2219 850 2245 omnem
868 2219 1026 2245 sensum.
1074 2208 1265 2254 Septimus
1279 2209 1447 2245 consistit
1467 2209 1501 2245 in
1520 2207 1711 2256 raptibus¹
1726 2216 1765 2246 et

483 2266 606 2302 modis
628 2277 757 2301 eorum
781 2267 981 2302 secundum
1007 2267 1105 2312 quod
1132 2267 1265 2302 diversi
1291 2267 1538 2302 diversimode
1563 2268 1765 2312 capiuntur,

483 2329 526 2360 ut
540 2323 691 2360 videant
709 2322 835 2368 multa,
850 2335 948 2370 quae
968 2335 1041 2360 non
1059 2323 1143 2360 licet
1160 2323 1300 2360 homini
1317 2324 1431 2370 loqui.
1482 2324 1534 2360 Et
1557 2324 1618 2371 qui
1646 2324 1684 2360 in
1707 2324 1765 2360 his

483 2380 721 2428 experientiis
740 2380 798 2417 vel
822 2381 861 2417 in
885 2377 1051 2428 pluribus
1074 2393 1203 2418 eorum
1230 2388 1285 2418 est
1310 2382 1505 2429 diligenter
1530 2382 1765 2424 exercitatus,

484 2439 565 2485 ipse
579 2443 705 2485 potest
721 2437 920 2474 certificare
941 2450 983 2474 se
1008 2443 1048 2475 et
1070 2439 1163 2474 alios
1188 2451 1262 2474 non
1287 2439 1405 2475 solum
1429 2440 1477 2475 de
1502 2439 1765 2485 spiritualibus,

481 2495 550 2532 sed
575 2495 747 2532 omnibus
770 2495 930 2532 scientiis
954 2495 1137 2532 humanis.
1190 2496 1242 2533 Et
1266 2497 1352 2532 ideo
1376 2508 1461 2532 cum
1485 2508 1616 2533 omnes
1639 2503 1765 2544 partes

482 2552 740 2600 philosophiae
759 2553 1010 2600 speculativae
1030 2553 1233 2600 procedant
1256 2564 1323 2600 per
1344 2560 1571 2600 argumenta,
1587 2567 1684 2601 quae
1705 2555 1764 2592 vel

483 2610 578 2649 fiunt
602 2622 668 2658 per
691 2611 812 2647 locum
838 2610 888 2646 ab
910 2611 1129 2647 auctoritate
1157 2611 1214 2646 vel
1242 2623 1309 2659 per
1333 2617 1498 2649 caeteros
1526 2612 1627 2648 locos
1656 2624 1765 2660 arg-u·

483 2669 673 2705 mentandi
702 2674 848 2715 praeter
870 2669 966 2705 hanc
993 2665 1106 2714 quam
1137 2680 1234 2705 nunc
1263 2669 1453 2715 investigo,
1478 2671 1681 2706 necessaria
1707 2677 1765 2706 est

483 2726 590 2763 nobis
623 2726 783 2769 scientia,
815 2737 910 2773 quae
941 2725 1241 2772 experimentalis
1270 2733 1433 2763 vocatur.
1484 2726 1536 2763 Et
1565 2726 1649 2763 volo
1681 2739 1764 2764 eam

483 2783 696 2832 explanare,
711 2795 787 2819 non
801 2783 920 2820 :olum
938 2789 982 2820 ut
998 2783 1097 2820 utilis
1111 2790 1170 2820 est
1193 2784 1458 2832 philosophiae,
1474 2785 1539 2822 scd
1561 2785 1765 2832 sapientiae

483 2841 569 2886 Dei,
586 2846 627 2878 et
650 2841 766 2878 totius
789 2842 917 2877 mundi
944 2842 1138 2888 regimini;
1161 2842 1256 2877 sicut
1282 2842 1319 2877 in
1343 2842 1529 2888 prioribus
1552 2843 1763 2892 comparavi

630 2920 638 2937 ⁸
658 2921 703 2950 Gl'.
716 2921 774 2950 vol.
787 2922 806 2950 i.
817 2929 843 2956 p.
858 2931 903 2950 aa.
942 2922 995 2957 Cp.
1006 2922 1079 2956 also,
1093 2922 1172 2958 opus
1191 2922 1322 2956 Tatium,
1336 2931 1414 2958 caps.
1431 2931 1464 2957 ις
1475 2922 1534 2951 and
1547 2931 1595 2951 ω.

633 2965 645 2982 ⁸
660 2964 690 2999 J.
703 2965 841 3000 captibus.
