2350 3580
370 339 1501 577 —
1508 363 1510 379 l

1508 435 1511 443 ι

1507 474 1510 487 l

645 729 1006 774 PERSRECTWAE
1032 729 1161 762 PARS
1188 728 1368 763 PRIMA.-
1403 729 1529 764 DIST.
1561 729 1620 765 VI,
1725 738 1769 775 ⁴1

496 818 781 866 distinguuntur,
796 829 840 856 ac
865 817 1003 865 species
1025 816 1155 855 coloris
1180 822 1220 855 et
1242 828 1372 853 ornnes
1394 817 1608 864 hujusmodi
1633 817 1772 866 species

496 888 627 920 rerum,
648 880 686 912 et
711 882 860 922 propter
879 877 949 912 hoc
969 876 1068 911 visus
1092 880 1219 922 potest
1239 876 1408 911 distincte
1428 876 1552 911 videre
1577 886 1646 912 rec.
1696 875 1770 911 Hic

494 946 595 970 error
611 939 668 970 eet
684 935 803 980 gravis
817 934 946 970 valde:
971 945 1057 970 nam
1074 932 1192 970 multa
1208 933 1370 970 continet
1386 932 1477 969 falsa
1494 938 1532 970 et
1547 932 1718 978 absurda,
1732 938 1770 970 et

494 991 608 1028 oritur
620 1002 669 1028 ex
683 991 761 1037 hoc,
772 991 872 1038 quod
887 991 1045 1027 creditur
1054 991 1154 1038 quod
1168 996 1340 1038 oportent
1353 1002 1490 1038 ponere
1501 990 1771 1028 distinctionem

494 1050 607 1092 visus,
621 1060 733 1095 quam
755 1060 829 1086 non
854 1049 1050 1086 aestimant
1073 1048 1149 1085 fieri
1172 1048 1241 1084 nisi
1265 1049 1405 1096 specie·
1425 1049 1501 1085 sint
1523 1048 1672 1084 omnino
1695 1049 1771 1084 dis-

494 1107 629 1142 tinctae
653 1107 690 1142 in
717 1117 809 1143 aere.
861 1106 981 1142 Primo
1009 1118 1099 1152 ergo
1124 1106 1276 1142 salvabo
1304 1106 1572 1142 distinctionem
1596 1107 1705 1149 visus,
1728 1111 1771 1142 ut

494 1163 661 1201 videatur
679 1165 780 1210 quod
806 1174 880 1200 non
903 1169 960 1201 est
985 1174 1132 1200 necesse
1157 1164 1210 1200 sic
1233 1175 1362 1200 errare.
1413 1163 1558 1200 Deinde
1581 1163 1769 1200 evacuabo

494 1221 633 1258 facilius
657 1233 823 1267 errorem,
839 1228 878 1258 et
902 1232 1089 1268 exponam
1113 1226 1284 1258 auctores
1303 1221 1366 1268 qui
1386 1221 1556 1258 videntur
1577 1232 1658 1258 esse
1682 1231 1772 1258 oon·

493 1280 600 1315 trarii.

542 1336 638 1373 Dico
652 1349 750 1384 ergo,
764 1338 864 1384 quod
883 1338 1022 1384 species
1040 1336 1177 1374 habent
1194 1349 1273 1374 esse
1293 1336 1478 1373 materiale
1494 1342 1533 1373 et
1550 1336 1716 1374 naturale
1731 1336 1767 1373 in
1783 1344 1929 1388 nupia-

492 1394 615 1430 medio
639 1400 677 1430 et
702 1395 738 1430 in
763 1406 892 1431 sensu:
922 1400 960 1431 et
981 1395 1082 1442 quod
1101 1406 1188 1431 vera
1213 1394 1391 1432 mixtione
1414 1394 1612 1431 miscentur
1629 1395 1768 1442 specie·
1780 1381 1947 1446 &³¹:2³³

493 1452 706 1493 contrariae,
729 1457 770 1487 ut
795 1452 933 1499 speeies
960 1452 1034 1487 albi
1057 1459 1097 1488 et
1121 1452 1212 1500 nigri
1237 1459 1275 1488 et
1301 1452 1506 1489 mediorum
1532 1452 1707 1495 colorum,
1728 1456 1767 1487 et
1780 1426 1954 1490 penger-um

492 1510 592 1555 quod
610 1521 685 1545 una
701 1510 747 1546 sit
764 1511 903 1556 species
920 1510 1074 1546 duarum
1091 1509 1303 1546 albedinum
1323 1515 1361 1546 et
1384 1510 1542 1546 duarum
1562 1510 1712 1554 lucium,
1728 1515 1766 1546 et
1779 1490 1910 1554 Σεὲ-ἀι

490 1566 542 1603 sic
576 1567 621 1603 de
654 1568 806 1603 metetis
838 1567 1029 1614 speciebus
1058 1567 1224 1614 ejusdem
1256 1567 1388 1614 speciei
1416 1567 1766 1614 praedicamentalis.
1779 1562 1894 1634 2:²7¹}oe

491 1630 529 1660 et
555 1635 578 1660 a
601 1623 684 1661 loco
709 1625 897 1662 mixtionis
918 1626 1038 1662 veniet
1062 1626 1203 1672 specie·
1227 1626 1347 1662 mixta
1370 1626 1419 1662 ad
1443 1625 1602 1666 oculum,
1625 1631 1663 1662 et
1687 1631 1767 1662 tota

491 1683 652 1728 pyramis
676 1683 795 1717 mixta
816 1683 896 1718 erit.
946 1683 1021 1718 Sed
1045 1684 1183 1729 species
1208 1683 1313 1718 unius
1328 1683 1477 1718 visibilis
1501 1683 1613 1718 habet
1634 1683 1766 1729 princi·

489 1738 613 1785 palem
644 1746 682 1775 et
710 1741 864 1786 primam
898 1741 1248 1787 multiplicationem,
1274 1746 1441 1777 caeterae
1472 1745 1596 1776 autem
1627 1740 1767 1776 habent

489 1796 759 1833 accidentalem.
810 1797 1020 1845 Principalis
1048 1804 1172 1834 autem
1199 1797 1452 1845 multiplicatio
1480 1808 1543 1833 seu
1570 1797 1685 1844 prima
1709 1803 1766 1834 est

491 1859 601 1897 recta,
617 1853 743 1898 fracta,
760 1860 799 1890 et
822 1855 975 1899 reflexa,
996 1860 1033 1892 et
1056 1856 1154 1893 venit
1179 1855 1228 1892 ab
1252 1861 1395 1901 agente,
1419 1860 1458 1890 ut
1485 1855 1649 1900 superius
1673 1855 1765 1890 veri-

489 1910 641 1947 ficatum
666 1918 732 1947 est.
782 1912 1032 1949 Accidentalis
1057 1924 1145 1949 vero
1170 1924 1235 1949 seu
1261 1912 1474 1949 secundaria
1498 1923 1570 1947 non
1594 1912 1694 1947 venit
1717 1913 1766 1948 ab

489 1974 634 2015 agente.
652 1970 719 2006 sed
745 1980 767 2005 a
791 1967 912 2017 specie
936 1970 1144 2018 principali3
1173 1969 1269 2006 sicut
1292 1976 1347 2006 est
1374 1970 1421 2005 de
1445 1969 1537 2013 luce,
1552 1979 1649 2015 quae
1667 1969 1766 2006 venit

488 2027 537 2062 ad
555 2027 709 2073 angulos
721 2028 857 2065 domus
872 2040 895 2065 a
912 2029 1012 2065 radio
1029 2029 1114 2065 solis
1130 2029 1285 2065 cadente
1302 2039 1370 2074 per
1381 2027 1594 2069 fenestram3
1618 2033 1657 2062 et
1673 2027 1765 2063 haee

489 2089 546 2119 est
567 2085 618 2119 ita
641 2085 770 2121 debilis
795 2092 835 2121 ut
858 2097 930 2121 non
953 2085 1089 2121 habeat
1111 2085 1423 2132 comparationem
1445 2086 1492 2121 ad
1515 2085 1765 2131 principalem,

489 2153 557 2178 nec
574 2142 675 2178 ducit
688 2142 836 2179 oculum
850 2145 886 2178 in
899 2155 974 2178 rem
991 2155 1014 2178 a
1027 2155 1100 2190 qua
1111 2142 1212 2179 venit
1225 2141 1489 2190 multiplicatio.
1529 2142 1641 2179 Unde
1652 2141 1765 2178 homo

488 2199 525 2235 in
548 2200 685 2246 angulo
709 2201 840 2237 domus
862 2200 1003 2236 habens
1027 2200 1188 2248 speeiem
1208 2200 1458 2237 secundariam
1478 2200 1566 2236 lucis
1583 2199 1712 2236 solaris
1728 2200 1763 2235 in

488 2257 597 2293 oculo
625 2269 699 2293 non
724 2259 823 2294 videt
848 2258 962 2293 solem
988 2259 1052 2294 sed
1079 2259 1221 2294 radium
1248 2260 1441 2294 cadentem
1465 2269 1531 2305 per
1555 2257 1763 2293 fenestram.

488 2314 529 2351 Si
554 2327 641 2352 vero
675 2322 788 2363 ponat
812 2316 959 2352 oculum
986 2317 1032 2352 ad
1065 2316 1210 2352 radium
1239 2316 1474 2363 principalem
1503 2316 1597 2351 bene
1625 2315 1764 2351 videbit

485 2373 613 2409 solem.
664 2373 758 2409 Dico
779 2384 867 2420 ergo
883 2375 981 2420 quod
1008 2374 1103 2410 sicut
1128 2372 1250 2410 radius
1274 2373 1581 2420 perpendicularis
1603 2373 1765 2410 occultat

486 2441 617 2467 omnes
657 2430 881 2467 declinantes
923 2432 986 2478 qui
1027 2443 1111 2467 cum
1153 2443 1201 2468 eo
1240 2431 1506 2475 terminantur3
1551 2431 1602 2468 sic
1643 2431 1765 2468 radius

487 2488 697 2534 principalis
728 2488 888 2524 occultat
921 2500 1050 2524 omnes
1083 2489 1205 2524 radios
1233 2489 1486 2525 accidentales.
1537 2489 1648 2524 Unde
1673 2489 1710 2524 in
1738 2489 1768 2524 d

488 2551 628 2592 puncto
644 2551 699 2582 est
715 2558 801 2582 vera
818 2547 949 2582 mixtio
966 2547 1150 2591 albedinis,
1168 2547 1373 2593 nigredinis,
1390 2553 1427 2582 et
1451 2547 1645 2590 rubedinis,
1661 2551 1698 2582 et
1714 2547 1764 2582 ab

489 2615 535 2639 eo
546 2603 645 2639 venit
657 2604 796 2650 species
812 2605 932 2640 mixta
946 2616 1061 2651 usque
1074 2605 1121 2641 ad
1137 2605 1283 2641 oculum
1301 2615 1412 2651 super
1425 2603 1558 2640 lineam
1574 2604 1604 2639 d
1615 2617 1645 2640 e.
1687 2604 1763 2640 Sed

486 2661 521 2697 in
551 2660 646 2698 linea
670 2661 701 2697 d
721 2674 741 2698 e
767 2673 841 2698 non
868 2665 926 2698 est
952 2663 1159 2710 principalis
1185 2661 1439 2710 multiplicatio
1466 2663 1534 2698 nisi
1550 2662 1608 2698 'ab
1634 2661 1715 2709 ipso
1743 2661 1764 2697 b

485 2718 624 2762 visibili,
644 2731 717 2755 non
732 2720 781 2755 ab
801 2732 826 2755 a
847 2731 968 2766 neque
988 2732 1017 2762 c.
1032 2721 1098 2756 sed
1115 2719 1348 2756 accidentalis
1365 2725 1403 2755 et
1421 2719 1652 2761 secundaria3
1676 2720 1764 2765 quia

486 2786 559 2813 non
579 2777 679 2813 venit
705 2776 954 2823 multiplicatio
979 2777 1108 2813 similis
1129 2790 1152 2813 a
1180 2784 1216 2813 et
1241 2790 1259 2812 c
1283 2777 1350 2813 nisi
1374 2789 1396 2813 a
1421 2777 1612 2823 speciebus
1636 2787 1764 2812 eorum

486 2845 560 2869 non
590 2834 637 2868 ab
665 2834 759 2881 ipsis.
811 2833 886 2871 Sed
917 2835 1123 2881 principalis
1154 2834 1410 2881 multiplicatio
1443 2834 1605 2871 occultat
1638 2845 1763 2869 omnes

485 2891 738 2934 accidentales,
756 2892 850 2928 sicut
876 2893 1181 2940 perpendicularis
1205 2892 1365 2928 occultat
1390 2903 1516 2928 omnes
1541 2891 1764 2926 declinantes

485 2950 517 2985 ei
536 2948 828 2987 conterminales,
877 2951 930 2987 Et
950 2951 1002 2986 sic
1026 2954 1105 2986 tota
1128 2951 1291 2997 pyramis
1313 2955 1369 2986 est
1391 2951 1512 2986 mixta
1534 2948 1678 2996 ubique,
1696 2948 1763 2984 sed
