2350 3580
443 2428 589 2465 Objection

443 2466 504 2493 that
517 2465 564 2493 the

444 2502 541 2538 longer
549 2510 619 2530 cone

621 499 690 534 540
911 489 952 521 M
953 489 1011 522 (ΙΙ.
1017 488 1200 521 TIPLICA
1205 488 1235 520 T
1230 488 1282 520 10
1307 486 1596 521 SPECJERUM.

622 579 798 626 angulum
814 579 1003 615 continent
1019 577 1099 623 ejus
1117 577 1220 621 radii,
1230 577 1324 613 sicut
1341 583 1442 623 patet
1459 587 1508 612 ex
1528 577 1657 623 prima
1681 582 1723 612 et
1743 576 1901 613 vicesima

622 637 730 684 primi
757 636 1042 677 Elementorum,
1069 642 1110 672 ut
1134 635 1299 688 patethin
1326 634 1451 680 figura.
1502 634 1603 670 Cum
1630 645 1732 680 ergo
1759 641 1902 681 quatuor

624 695 748 741 anguli
767 695 862 730 circa
878 705 1014 730 conum
1031 692 1203 738 trianguli
1222 692 1396 728 brevioris
1413 703 1488 727 non
1504 691 1637 727 valent
1662 692 1740 728 nisi
1757 698 1902 738 quatuor

624 758 753 793 rectos,
780 757 817 787 et
852 751 1015 787 similiter
1049 750 1175 797 anguli
1209 755 1368 795 quatuor
1399 751 1495 785 circa
1527 761 1673 785 conum
1711 749 1902 796 pyramidis

623 810 809 856 longioris,
827 809 914 855 quia
931 809 1026 844 circa
1046 812 1224 855 punctum
1242 818 1354 842 unum
1378 806 1413 842 in
1436 806 1634 852 superficie
1658 818 1740 843 non
1766 813 1902 853 possunt

625 878 704 903 esse
721 867 789 902 nisi
806 872 965 912 quatuor
982 866 1157 901 recti-aut
1174 865 1338 901 valentes
1357 876 1432 908 eos,
1452 870 1492 899 ut
1513 870 1624 909 patet
1649 876 1705 900 ex
1724 864 1902 900 corollario

625 925 891 971 quindecimae,
909 929 1055 970 oportet
1072 923 1173 969 quod
1193 928 1386 968 postquam
1407 922 1567 968 angulus
1596 922 1814 968 pyramidis
1836 922 1902 957 bre·

624 982 829 1018 vioris—sit
863 981 979 1027 major
1006 981 1142 1027 angulo
1173 980 1373 1025 pyramidis
1406 979 1594 1026 longioris,
1621 981 1733 1025 quod
1762 979 1904 1025 angulus

625 1039 893 1085 contrapositus
921 1038 1057 1085 angulo
1087 1038 1262 1073 brevioris
1292 1037 1494 1084 pyramidis
1523 1037 1572 1073 sit
1615 1037 1747 1083 major
1781 1037 1904 1083 angulo

626 1097 877 1142 contraposito
892 1097 927 1131 in
940 1096 1094 1142 longiori
1108 1109 1117 1138 ;
1141 1096 1227 1141 quia
1240 1094 1364 1140 anguli
1378 1096 1622 1141 contrapositi
1637 1102 1731 1131 sunt
1746 1095 1905 1141 aequales

627 1166 693 1201 per
725 1154 891 1200 quintam
922 1154 1103 1189 decimam
1140 1153 1245 1199 primi
1282 1151 1455 1188 Euclidis.
1493 1151 1590 1188 -sed
1628 1153 1660 1188 si
1697 1153 1760 1189 isti
1794 1152 1904 1199 anguli

961 1210 1196 1256 contrapositi
1222 1210 1296 1246 sint
1321 1209 1477 1255 majores
1505 1210 1604 1245 circa
1633 1221 1780 1246 conum
1812 1222 1906 1256 pyra·

962 1269 1068 1304 midis
1093 1268 1276 1310 brevioris,
1300 1279 1411 1313 quam
1436 1268 1561 1313 anguli
1591 1269 1843 1315 contrapositi
1866 1268 1906 1303 eis

960 1332 1025 1362 aut
1050 1326 1101 1361 eis
1133 1325 1382 1362 consimilibus
1412 1326 1505 1361 circa
1533 1336 1675 1361 conum
1712 1326 1907 1372 pyramidis

959 1384 1147 1429 longioris,
1175 1389 1323 1429 oportet
1346 1383 1446 1429 quod
1472 1381 1598 1429 anguli
1628 1384 1709 1419 duo
1740 1384 1804 1419 alii
1832 1395 1908 1419 cou-

959 1441 1129 1488 trapositi
1152 1453 1175 1476 a
1197 1441 1370 1476 lateribus
1393 1442 1473 1477 coni
1500 1442 1714 1486 pyramidis
1739 1442 1908 1478 brevioris

961 1500 1033 1535 sint
1072 1500 1233 1535 minores
1274 1499 1419 1535 duobus
1459 1499 1606 1546 angulis
1651 1500 1909 1546 contrapositis

963 1557 1139 1593 linealiter
1150 1557 1244 1592 circa
1256 1568 1389 1593 conum
1404 1557 1607 1603 pyramidis
1622 1558 1821 1605 longioris,
1832 1558 1909 1605 quia

963 1615 1047 1650 hinc
1087 1615 1172 1650 inde
1208 1625 1282 1650 non
1317 1614 1439 1650 valent
1475 1621 1639 1661 quatuor
1677 1617 1811 1663 anguli
1848 1615 1908 1651 nisi

962 1677 1123 1718 quatuor
1149 1672 1306 1718 angulos
1331 1679 1462 1716 rectos,
1480 1678 1517 1708 et
1544 1673 1630 1708 ideo
1657 1681 1828 1719 quatuor
1850 1685 1910 1709 an-

629 1728 705 1775 guli
732 1730 1007 1765 circumstantes
1033 1741 1167 1766 conum
1199 1730 1400 1776 pyramidis
1427 1730 1602 1766 brevioris
1632 1731 1748 1766 simul
1777 1731 1911 1778 sumpti

629 1792 714 1822 sunt
752 1786 923 1833 aequales
958 1793 1118 1833 quatuor
1158 1787 1302 1833 angulis
1344 1788 1546 1833 pyramidis
1583 1787 1765 1834 longioris
1808 1788 1911 1824 simul

629 1845 795 1890 sumptis.
846 1845 1083 1891 Quapropter
1107 1846 1138 1880 si
1167 1846 1242 1881 duo
1267 1846 1505 1892 contrapositi
1532 1857 1554 1881 a
1581 1852 1688 1891 parte
1709 1848 1914 1892 pyramidis

629 1901 802 1937 brevioris
824 1908 911 1938 sunt
933 1902 1089 1948 majores
1112 1903 1255 1938 duobus
1274 1902 1526 1938 consimilibus
1542 1914 1564 1938 a
1581 1909 1689 1949 parte
1707 1905 1914 1950 pyramidis

631 1958 813 2009 longioris,
834 1966 940 1995 erunt
968 1960 1029 1996 alii
1057 1961 1133 1996 duo
1160 1962 1317 1997 minores
1344 1961 1425 1997 aliis
1454 1961 1609 1996 duobus.
1661 1960 1740 1997 Sed
1773 1968 1914 2008 quanto

630 2018 719 2053 radii
753 2019 941 2054 continent
974 2019 1150 2053 minorem
1176 2019 1366 2064 angulum,
1395 2024 1500 2054 tanto
1533 2019 1652 2064 magis
1683 2019 1914 2058 vicinantur:

630 2075 827 2120 ergossradii
849 2087 978 2111 omnes
997 2076 1060 2122 qui
1086 2081 1171 2111 sunt
1196 2076 1244 2111 de
1268 2088 1419 2123 corpore
1443 2077 1643 2123 pyramidis
1666 2077 1861 2122 brevioris,
1876 2085 1912 2113 et

630 2133 856 2168 continentes
872 2133 1027 2181 angulos
1044 2144 1128 2169 cum
1146 2133 1253 2169 radiis
1269 2134 1321 2169 eis
1342 2134 1669 2170 conterminalibus
1686 2137 1914 2172 exeuntibus

630 2201 654 2225 a
681 2201 775 2226 cono
802 2190 890 2236 ejus,
917 2192 1032 2237 magis
1056 2192 1259 2228 vicinantur
1283 2198 1321 2228 et
1346 2192 1651 2239 appropinquant,
1677 2204 1797 2239 quam
1826 2195 1912 2230 radii

629 2249 833 2284 consimiles
850 2249 886 2284 in
906 2249 1072 2295 longiore
1088 2250 1289 2296 pyramide.
1341 2250 1417 2286 Sed
1435 2250 1567 2285 vicinia
1585 2249 1775 2286 radiorum
1796 2252 1913 2299 magis

629 2312 803 2352 operatur
817 2313 856 2343 et
874 2306 999 2343 sortior
1014 2313 1081 2343 est.
1125 2306 1363 2355 Quapropter
1380 2319 1494 2344 conus
1511 2308 1715 2354 pyramidis
1732 2309 1913 2346 brevioris

631 2364 748 2409 magis
764 2370 937 2410 operatur
952 2364 975 2400 ¹.

682 2421 722 2457 Si
740 2433 824 2457 vero
847 2429 1023 2468 arguatur
1043 2422 1080 2457 in
1101 2423 1337 2465 contrarium,
1353 2423 1525 2459 videlicet
1545 2423 1645 2468 quod
1664 2424 1759 2460 radii
1781 2425 1913 2461 infiniti

632 2480 783 2515 veniunt
800 2480 847 2515 ad
865 2491 997 2516 conum
1022 2481 1224 2526 pyramidis
1246 2481 1421 2527 longioris
1443 2481 1536 2516 sicut
1560 2480 1748 2525 brevioris,
1764 2488 1805 2519 et
1828 2494 1913 2520 cum

703 1647 769 1675 Flo.
788 1653 847 1682 107.

446 2539 557 2574 maybe
572 2536 693 2572 theille'
718 2547 833 2572 conus
857 2537 905 2573 sit
931 2538 1132 2583 angustior,
1158 2538 1274 2584 major
1299 2544 1355 2573 est
1381 2539 1567 2573 radiorum
1593 2538 1727 2574 vicinia
1756 2546 1797 2576 et
1826 2552 1913 2578 con-

445 2581 570 2610 sironger

445 2611 617 2639 considered.
631 2595 808 2641 gregatio‚
831 2601 1060 2641 quapropter
1082 2595 1199 2642 magis
1222 2596 1433 2632 intendetur
1449 2596 1639 2642 operati03
1663 2602 1781 2642 atque
1803 2599 1915 2635 simul

631 2652 661 2686 si
700 2651 853 2696 dicatur,
887 2653 988 2698 quod
1028 2663 1158 2689 omnes
1199 2653 1290 2699 radii
1333 2653 1533 2699 pyramidis
1573 2653 1754 2701 longioris
1796 2657 1916 2704 magis

1103 2728 1111 2745 ¹
1131 2728 1174 2756 Cf.
1187 2728 1242 2756 vol.
1255 2728 1274 2757 i.
1285 2737 1333 2764 pp.
1351 2737 1449 2764 ¹23-⁴·
