2350 3580
608 687 675 721 106
856 689 1029 722 OPERIS
1056 688 1263 729 uAJoRls
1291 689 1420 724 PARS
1444 689 1636 733 QUINTA.

606 777 761 822 filorum,
797 789 909 825 quare
942 790 1017 815 non
1053 779 1199 816 videtur
1232 780 1332 827 quod
1365 780 1468 817 color
1498 780 1569 817 erit
1601 780 1753 817 munus.
1806 778 1889 818 Sed

604 836 803 872 dicendum
821 841 888 880 est,
903 837 1005 883 quod
1029 837 1103 872 sic:
1133 848 1221 872 nam
1245 838 1394 883 quando
1420 837 1598 874 foramina
1621 843 1706 875 sunt
1725 838 1890 882 missata,

606 899 695 929 tunc
710 892 852 930 colores
875 899 1107 930 transeuntes
1128 906 1194 941 per
1209 895 1389 931 foramina
1405 901 1492 931 sunt
1509 895 1666 932 multum
1687 896 1888 943 propinqui

605 949 686 992 filis,
698 956 738 986 et
755 950 837 987 ideo
849 950 990 987 colores
1008 951 1153 988 filorum
1170 958 1210 988 et
1225 952 1367 988 »colores
1379 958 1609 989 transeuntes
1622 963 1688 1000 per
1700 951 1889 990 foramina

604 1013 690 1044 sunt
707 1008 815 1044 valde
831 1009 1039 1055 propinqui,
1057 1014 1094 1044 et
1110 1009 1302 1054 attingunt
1316 1010 1363 1046 ad
1385 1017 1525 1057 puncta
1541 1009 1714 1047 habentia
1731 1010 1888 1047 insen-i-

604 1066 717 1101 bilem
741 1067 977 1103 distantiam:
1008 1073 1045 1103 et
1079 1068 1165 1113 quia
1201 1069 1254 1104 sic
1283 1073 1350 1109 est,
1376 1069 1461 1103 ideo
1493 1079 1566 1103 non
1594 1069 1664 1104 erit
1701 1068 1889 1105 sensibilis

604 1122 796 1160 diversitas
811 1124 978 1161 colorum
997 1126 1163 1169 istorum,
1182 1130 1219 1161 et
1236 1137 1303 1172 per
1319 1125 1390 1161 hoc
1405 1125 1602 1172 apparebit
1617 1125 1709 1162 visui
1726 1127 1884 1162 mixtus.

1068 1226 1319 1263 carnotum
1347 1227 1419 1262 111.

417 1303 569 1345 49:²⁸²&-
653 1301 712 1337 De
737 1302 795 1339 his
814 1314 901 1339 vero
923 1313 1019 1349 quae
1034 1314 1100 1350 per
1117 1302 1374 1349 syllogismum
1401 1301 1764 1350 comprehenduntur
1785 1303 1886 1340 acci-

417 1341 539 1404 ἕᾙξε
553 1375 590 1412 hy
604 1359 695 1395 dunt
719 1359 889 1395 similiter
912 1361 1085 1406 exempla
1111 1361 1301 1396 notabilia.
1354 1360 1516 1395 Primum
1542 1360 1693 1406 quidem
1717 1361 1816 1396 inter
1839 1372 1887 1397 ea

415 1412 572 1476 fnfffflfledffi
605 1422 660 1452 est
687 1417 861 1453 distantia
889 1429 953 1453 seu
986 1419 1150 1454 remotio.
1205 1416 1312 1453 Ciroe
1341 1416 1441 1463 quod
1471 1419 1592 1464 primo
1618 1416 1886 1463 consideratur,

417 1491 462 1513 ne
475 1485 588 1521 nbjoets.
603 1474 704 1520 quod
718 1474 894 1511 distantia
906 1474 1090 1521 superflua
1103 1475 1256 1522 impedit
1270 1474 1387 1511 visum
1399 1486 1405 1520 ;
1423 1475 1511 1521 quia
1523 1474 1654 1511 eadem
1668 1485 1725 1511 res
1737 1474 1886 1512 distans

600 1531 687 1568 facit
705 1543 857 1578 parvum
876 1532 1052 1578 anguium
1079 1533 1114 1568 in
1132 1532 1241 1568 oculo
1261 1543 1356 1578 quae
1376 1532 1510 1567 faceret
1531 1543 1706 1578 magnum
1727 1533 1885 1578 quando

602 1594 659 1625 est
681 1591 897 1636 propinqua,
920 1595 961 1626 ut
984 1595 1089 1637 patet
1110 1591 1146 1626 in
1165 1590 1292 1636 figura.
1345 1590 1396 1625 Et
1421 1591 1596 1635 quoniam
1623 1601 1672 1625 ex
1696 1588 1886 1636 parvitate

602 1646 726 1693 anguli
752 1648 886 1683 accidit
906 1649 1003 1694 quod
1030 1660 1141 1694 parva
1164 1658 1221 1683 res
1245 1646 1405 1694 pupillae
1427 1653 1638 1694 occupatur,
1655 1657 1727 1683 non
1754 1652 1885 1694 potest

1081 1716 1137 1741 res
1170 1705 1392 1741 sensibiiiter
1419 1709 1601 1750 quantum
1627 1709 1777 1752 oportet
1803 1705 1883 1743 dis·

717 1745 932 1945 '
1079 1763 1198 1808 tingui
1225 1763 1259 1797 in
1285 1763 1404 1804 oculo,
1425 1767 1463 1798 et
1487 1762 1570 1797 ideo
1595 1772 1652 1797 res
1673 1761 1771 1798 male
1795 1773 1880 1809 per-

1080 1820 1214 1866 cipitur
1239 1831 1289 1855 ex
1314 1818 1498 1865 superflua
1524 1818 1710 1856 distantia..
1759 1818 1880 1856 Com-

1080 1877 1320 1924 prehenditur
1351 1887 1439 1912 vero
1474 1882 1511 1912 et
1545 1876 1769 1912 certificatur
1800 1877 1880 1914 dis-

720 1949 725 1950 ⁷
1079 1935 1208 1978 tantia,
1232 1934 1261 1969 si
1288 1935 1336 1969 sit
1359 1934 1561 1976 mediocris,
1591 1945 1656 1979 per
1684 1934 1880 1970 continua-

679 1949 792 2097 *
857 1949 971 2097 r
1079 1993 1221 2028 tionem
1271 1997 1309 2027 et
1359 1990 1627 2027 ordinationem
1681 2003 1879 2038 corporum

777 1950 872 2115 v
1079 2049 1305 2085 sensibilium
1327 2049 1618 2095 interjacentium
1641 2048 1734 2085 inter
1755 2049 1878 2086 visum

1079 2114 1116 2143 et
1134 2119 1210 2142 rem
1230 2112 1421 2142 remotam.
1482 2107 1536 2142 Ut
1563 2117 1645 2141 cum
1672 2106 1804 2153 aliquis
1829 2107 1879 2144 sit

1074 2166 1188 2211 juxta
1212 2175 1354 2200 murum
1376 2176 1498 2208 unum,
1521 2169 1558 2200 et
1583 2165 1737 2210 aspiciat
1760 2164 1876 2200 alnum

599 2231 743 2257 murum
759 2221 852 2258 ultra
872 2222 1029 2269 primum
1048 2223 1283 2259 elevationem
1301 2233 1345 2257 eo
1363 2226 1401 2257 et
1414 2221 1501 2257 satis
1518 2220 1566 2258 ab
1583 2220 1645 2257 illo
1663 2222 1877 2266 distantem,

598 2289 670 2313 non
706 2280 861 2327 percipit
890 2280 1049 2327 aliquam
1082 2281 1295 2317 distantiam
1327 2281 1423 2316 inter
1455 2280 1563 2325 ipsos,
1589 2279 1676 2327 quia
1705 2286 1770 2316 aut
1800 2291 1877 2316 non

597 2342 680 2371 sunt
697 2348 850 2383 corpora
868 2339 1081 2374 continuata
1103 2339 1199 2373 inter
1223 2349 1299 2381 eos,
1316 2342 1381 2373 aut
1399 2349 1441 2372 ea
1457 2348 1530 2372 non
1547 2342 1672 2383 potest
1687 2337 1877 2383 percipere

597 2399 748 2439 propter
766 2395 1054 2440 interjectionem
1077 2396 1185 2441 primi
1205 2396 1299 2430 muri
1316 2395 1385 2430 sub
1405 2405 1481 2440 quo
1496 2400 1583 2430 stat.

413 2458 561 2493 Heightns
648 2451 697 2487 Et
732 2453 817 2488 inde
848 2453 994 2497 accidit,
1028 2454 1127 2500 quod
1160 2453 1310 2499 quando
1343 2463 1416 2488 non
1461 2463 1585 2488 sumus
1625 2463 1740 2499 prope
1777 2451 1876 2489 altos

408 2493 514 2522 ⁶¹⁰⁰&
598 2515 750 2553 montes,
790 2512 854 2547 sed
897 2511 934 2547 in
968 2511 1057 2547 locis
1090 2511 1216 2556 planis,
1262 2521 1336 2547 non
1376 2511 1598 2556 percipimus
1638 2509 1876 2548 altitudinem

596 2566 798 2610 nubium¹;
828 2569 942 2603 immo
972 2570 1212 2604 aestimamus
1234 2569 1334 2614 quod
1363 2569 1436 2604 sint
1465 2568 1578 2613 longe
1609 2569 1824 2604 remotiores
1849 2580 1874 2604 a

595 2624 701 2660 nobis
730 2636 839 2671 quam
870 2631 966 2670 sunt,
992 2626 1079 2672 quia
1112 2638 1184 2662 non
1221 2632 1305 2661 sunt
1339 2637 1493 2673 corpora
1530 2626 1716 2661 sensibilia
1749 2627 1874 2673 posita

595 2682 688 2716 inter
716 2694 781 2717 nos
808 2691 846 2718 et
872 2695 934 2719 eas
962 2684 1026 2719 sed
1054 2684 1155 2720 solus
1181 2695 1243 2719 aer
1268 2684 1330 2730 qui
1360 2696 1434 2720 non
1461 2690 1516 2720 est
1543 2682 1724 2718 sensibilis
1752 2684 1874 2729 nobis,

595 2745 631 2774 et
657 2739 739 2774 ideo
756 2744 843 2776 tunc
866 2752 939 2776 non
967 2742 1190 2789 percipimus
1215 2742 1451 2777 altitudinem
1476 2741 1641 2776 nubium.
1691 2740 1767 2777 Sed
1785 2753 1871 2778 cum

595 2795 767 2832 fuerimus
794 2810 908 2844 prope
928 2799 1023 2835 altos
1051 2805 1205 2843 montes,
1225 2799 1394 2845 quamvis
1421 2811 1493 2834 non
1518 2800 1592 2835 sint
1621 2799 1776 2835 multum
1805 2801 1873 2837 alti

594 2854 722 2890 ultima
748 2855 943 2892 altitudine
968 2868 1063 2903 quae
1093 2864 1148 2894 est
1176 2857 1321 2893 circiter
1345 2864 1432 2894 octo
1458 2858 1636 2901 milliaria,
1661 2856 1872 2895 videbimus

757 2148 824 2176 Flo.
838 2157 882 2185 45.

1079 2932 1085 2948 ¹
1108 2933 1163 2960 See
1182 2934 1236 2961 vol.
1251 2934 1268 2961 i.
1284 2942 1311 2968 p.
1324 2943 1386 2968 229.
