2350 3580
610 714 679 748 324
843 704 1018 737 OPERIS
1042 704 1251 744 MAJoRIS
1275 704 1404 737 PARS
1430 703 1649 737 SEPTIMA.

613 795 747 830 malum
790 795 982 830 dominum
1027 799 1279 840 pervenerunt,
1320 800 1510 830 momento
1550 795 1797 840 dIssipautuu
1843 797 1884 828 at

608 851 775 898 quamvis
792 852 957 888 modicae
972 852 1001 887 si
1026 852 1125 888 bono
1141 851 1285 888 custodi
1310 852 1467 888 traditae
1492 858 1587 893 sunt,
1607 862 1674 887 usu
1690 857 1882 891 crescium

609 909 661 944 ita
678 914 779 945 aetas
799 915 921 944 nostra
938 909 1032 946 bene
1048 909 1255 956 disponenti
1276 908 1430 944 multum
1449 907 1574 955 patet.'

424 979 573 1007 Deum?-
656 966 761 1002 ‘Vita
797 967 826 1002 si
860 967 912 1002 uti
946 967 1050 1007 scias,
1083 966 1192 1012 longa
1225 972 1290 1001 est.
1356 966 1485 1001 Alium
1518 965 1736 1002 insatiabilis
1776 970 1880 1001 tenet

421 1018 477 1078 ξω
490 1014 579 1079 ‘'nm‘’
606 1024 769 1067 avaritia,
801 1023 914 1059 aliurn
949 1025 986 1059 in
1019 1025 1253 1069 supervacuis
1287 1024 1472 1060 laboribus
1503 1034 1658 1069 operosa
1691 1023 1878 1059 sedulitas.

456 1059 482 1087 μ’
516 1071 522 1078 ’
605 1080 715 1117 Alius
738 1081 823 1117 vino
850 1083 985 1117 madet.
1034 1081 1143 1117 Alius
1170 1082 1301 1117 inertia
1326 1086 1448 1127 torpet
1472 1108 1481 1117 .
1503 1106 1510 1116 .
1536 1107 1545 1118 .
1567 1081 1692 1118 Omne
1716 1081 1878 1127 spatium

604 1149 677 1174 non
692 1139 775 1182 vita,
793 1139 857 1174 sed
875 1143 1023 1184 tempus
1039 1143 1105 1174 ent.
1159 1139 1339 1184 Urgeptia
1356 1139 1590 1174 circumstant
1607 1139 1696 1173 vitia
1714 1138 1876 1183 undique

602 1207 669 1231 nec
695 1207 881 1242 resurgere
906 1201 970 1231 aut
1001 1197 1037 1231 in
1065 1197 1270 1242 dispectum
1296 1197 1371 1231 veri
1400 1197 1568 1232 attollere
1592 1196 1718 1231 oculos
1743 1197 1876 1237 sinunt.

604 1249 701 1301 [sed]
730 1264 868 1289 mersos
892 1259 930 1289 et
954 1254 990 1289 in
1017 1253 1254 1300 cupiditatem
1282 1253 1416 1289 infixos
1440 1259 1621 1300 premunt.
1674 1253 1871 1299 Nunquam

601 1310 671 1345 illis
698 1322 877 1346 recurrere
906 1311 954 1347 ad
981 1322 1021 1346 se
1047 1310 1141 1346 lieet.
1194 1311 1234 1346 Si
1263 1313 1410 1356 quando
1436 1311 1558 1356 aliqua
1589 1310 1740 1346 fortuito
1769 1311 1875 1355 quies

601 1368 766 1413 contigit,
788 1369 899 1403 veluti
926 1368 1108 1414 profundo
1134 1369 1237 1408 mari,
1265 1369 1301 1403 in
1332 1380 1407 1414 quo
1434 1375 1518 1414 post
1545 1373 1696 1403 ventum
1725 1379 1874 1414 quoque

599 1424 777 1461 volutatio
795 1431 859 1467 est,
876 1425 1097 1462 fluctuantur
1117 1436 1185 1461 nec
1204 1436 1365 1472 unquam
1385 1425 1454 1461 illis
1474 1436 1496 1461 a
1514 1425 1776 1472 cupiditatibus
1796 1425 1874 1460 suis

597 1483 712 1519 otium
737 1481 872 1519 instat?
923 1483 1011 1519 ‘Ille
1037 1483 1132 1519 illius
1157 1483 1276 1519 cultor
1303 1489 1370 1525 est,
1396 1483 1454 1520 hic
1481 1483 1587 1519 illius.
1636 1482 1733 1518 Suus
1763 1493 1871 1517 nemo

597 1538 675 1575 est?

413 1594 480 1630 Cap.
497 1603 522 1629 ³·
646 1596 801 1634 ‘Omnia
822 1597 917 1641 licet,
934 1591 1030 1644 quae
1050 1610 1212 1644 unquam
1232 1598 1376 1644 ingenia
1399 1597 1581 1641 fulserunt,
1601 1597 1636 1632 in
1661 1595 1732 1632 hoc
1754 1607 1867 1632 unum

596 1656 839 1698 consentiant,
863 1667 1050 1702 nunquam
1077 1656 1165 1692 satis
1191 1656 1288 1690 hanc
1312 1656 1554 1692 humanarum
1576 1655 1754 1690 mentium
1779 1654 1868 1689 cali-

595 1715 717 1759 ginem
744 1714 993 1749 mirabuntur.¹
1043 1714 1190 1750 ‘Nemo
1225 1715 1410 1749 invenitur
1441 1715 1503 1761 qui
1538 1714 1729 1758 pecuniam
1760 1724 1866 1748 suam

594 1772 755 1806 dividere
779 1772 890 1814 velit;
928 1773 1039 1807 vitam
1074 1773 1325 1817 unusquisque
1356 1783 1469 1818 quam
1503 1772 1628 1807 multis
1657 1771 1865 1806 distribuit!

593 1829 772 1865 Adstricti
799 1835 886 1865 sunt
907 1829 943 1864 in
968 1830 1192 1865 continendo
1216 1830 1461 1876 patrimonio;
1486 1829 1594 1865 simul
1614 1829 1663 1864 ad
1683 1828 1864 1874 jacturam

591 1887 770 1932 temporis
787 1892 937 1922 ventum
954 1886 966 1907 ¹
983 1893 1050 1928 est,
1067 1886 1310 1931 profusissimi
1334 1888 1370 1923 in
1392 1898 1435 1923 en
1456 1888 1561 1933 cujus
1587 1887 1692 1923 unius
1709 1886 1865 1926 honesta

590 1946 740 1979 avaritia
764 1949 819 1979 est
846 1970 854 1978 .
881 1970 888 1978 .
914 1969 923 1978 .
950 1944 1181 1979 Centesimus
1206 1945 1273 1979 tibi
1299 1944 1356 1979 vel
1381 1956 1494 1990 supra
1521 1945 1698 1990 premitur
1726 1955 1865 1983 annus:

588 2004 761 2046 agedum,
795 2003 841 2036 ad
883 2002 1196 2047 computationem
1236 2007 1396 2037 aetatem
1439 2008 1541 2037 tuam
1585 2012 1723 2038 revoca.
1793 2002 1863 2037 Dic

588 2066 766 2105 quantum
790 2070 837 2094 ex
863 2059 932 2093 isto
954 2065 1123 2105 tempore
1145 2060 1312 2102 creditor=
1334 2066 1512 2105 quantum
1533 2060 1661 2101 amica,
1683 2066 1860 2105 quantum

588 2128 664 2155 rex.
684 2122 861 2162 quantum
879 2116 990 2151 cliens
1008 2117 1223 2158 abstulerim
1250 2123 1427 2162 quantum
1447 2117 1492 2152 lis
1501 2115 1526 2159 ²¹,
1543 2121 1719 2162 quantum
1738 2128 1860 2152 servo-

587 2186 667 2209 rum
687 2175 867 2216 coercitio,
881 2180 1057 2219 quantum
1072 2175 1234 2210 officiosa
1248 2187 1312 2221 per
1325 2176 1452 2210 urbem
1465 2176 1693 2210 discursatio.
1727 2174 1860 2219 Adjice

588 2232 737 2268 morbos
770 2242 863 2278 quos
898 2242 1006 2267 manu
1043 2232 1205 2268 fecimus.
1267 2232 1403 2277 Adjice
1439 2233 1538 2278 quod
1576 2229 1645 2280 [et]
1682 2232 1759 2267 sine
1794 2242 1858 2268 usu

580 2289 718 2333 jacuit;
755 2289 897 2324 videbis
930 2295 968 2323 te
999 2290 1192 2334 pauciores
1221 2301 1336 2324 annos
1366 2289 1501 2324 habere
1532 2300 1643 2335 quam
1678 2300 1858 2324 numeras.

586 2347 729 2392 Repete
764 2347 939 2382 memoria
972 2352 1094 2382 tecum
1128 2348 1279 2393 quando
1312 2354 1432 2382 certus
1467 2347 1606 2381 consilii
1643 2347 1749 2381 fueris
1776 2372 1785 2380 .

581 2407 730 2450 quando
766 2404 859 2440 tibi³
890 2416 974 2439 usus
1008 2406 1061 2440 tui
1097 2406 1215 2449 fuerit,
1241 2406 1387 2451 quando
1425 2404 1461 2440 in
1501 2410 1598 2439 statu
1634 2416 1701 2440 suo
1726 2404 1856 2448 vultus,

581 2462 730 2508 quando
746 2462 892 2497 animus
906 2462 1119 2508 intrepidus,
1134 2489 1141 2497 .
1159 2489 1165 2497 .
1183 2490 1192 2499 .
1205 2474 1316 2509 quam
1332 2462 1435 2497 multi
1450 2463 1563 2497 vitam
1578 2468 1681 2497 tuam
1696 2462 1855 2509 diripue-

581 2521 661 2563 rint,
671 2526 710 2555 te
727 2531 799 2555 non
817 2520 998 2555 sentiente
1014 2521 1103 2567 quid
1119 2520 1290 2567 perderes
1305 2547 1312 2553 .
1327 2546 1336 2554 .
1352 2547 1359 2554 .
1376 2519 1556 2567 intelliges
1570 2525 1605 2554 te
1621 2520 1854 2555 immaturum

581 2578 684 2612 mori.
724 2575 821 2622 Quid
841 2589 929 2622 ergo
947 2582 1001 2612 est
1018 2578 1052 2612 in
1070 2581 1205 2613 causa?
1228 2584 1403 2623 tanquam
1421 2589 1567 2622 semper
1583 2578 1712 2612 victuri
1725 2578 1853 2612 vivitis.

577 2634 795 2680 Numquam
812 2635 918 2670 vobis
940 2633 1117 2680 fragilitas
1132 2641 1254 2670 vestra
1279 2635 1463 2670 succurrit„
1514 2634 1652 2671 Omnia
1676 2640 1853 2679 tanquam

579 2692 750 2726 mortales
781 2691 928 2734 timetis,
957 2692 1083 2726 omnia
1114 2698 1293 2737 tanquam
1329 2691 1554 2727 immortales
1585 2692 1851 2737 concupiscitis.

615 2775 621 2791 ¹
642 2780 801 2811 temporum
815 2779 994 2811 perventmn,
1009 2775 1072 2802 MS.
1383 2774 1394 2791 ¹
1414 2776 1525 2803 Senem
1536 2776 1598 2808 has,
1612 2775 1645 2802 lis
1658 2775 1767 2803 uxoria.

610 2819 621 2835 ¹
640 2818 720 2845 Here
732 2819 832 2853 begins
846 2820 895 2845 the
906 2826 1027 2854 passage
1040 2820 1101 2846 into
1112 2819 1217 2852 which,
1232 2828 1264 2846 as
1277 2819 1442 2846 mentioned
1458 2829 1495 2846 on
1514 2829 1541 2854 p.
1555 2828 1616 2853 3⁰2-
1634 2821 1681 2846 the
1698 2820 1807 2846 scribes
1823 2821 1856 2847 of

577 2862 610 2888 D.
630 2861 688 2888 and
708 2861 741 2890 O.
764 2863 907 2896 suddenly
918 2871 994 2897 pnes,
1007 2862 1130 2888 without
1148 2871 1208 2896 any
1225 2862 1390 2897 perception
1412 2862 1445 2888 or
1461 2872 1478 2888 ι
1498 2866 1614 2897 rupture
1634 2863 1667 2888 οῖ
1681 2863 1847 2898 continuity.

575 2904 635 2932 Tire
648 2914 730 2933 emi.-
741 2906 766 2932 is
779 2906 938 2940 accumtely
949 2906 1050 2940 copied
1065 2905 1094 2933 in,
1108 2905 1155 2933 the
1170 2904 1241 2933 Gale
1257 2904 1327 2936 HS..
1345 2905 1374 2932 in
1392 2905 1441 2933 the
1458 2906 1623 2940 possession
1643 2906 1674 2933 uf
1683 2905 1760 2933 Trin.
1778 2906 1849 2934 Con.

575 2948 682 2980 Camb..
697 2948 792 2975 which
806 2948 830 2976 is
841 2957 859 2975 ι
871 2956 947 2983 copy
959 2948 992 2975 ol*
1001 2948 1037 2976 D.
