2350 3580
858 339 1982 558 -

1873 555 1890 567 0

613 707 682 742 204
880 700 1052 735 OPERIS
1078 700 1290 740 MAJORIS
1314 700 1443 735 PARS
1464 700 1630 735 SEXTA.

1090 827 1333 871 EXEMPLUM
1360 827 1410 864 11.

427 922 579 960 Prolongn-
665 915 790 951 Potest
812 926 901 951 vero
926 915 1026 952 aliud
1054 916 1270 963 exemplum
1296 917 1383 963 poni
1413 915 1450 951 in
1475 914 1641 951 terminis
1669 914 1888 956 medicinae,

425 959 599 1026 emme.
615 977 652 1008 et
677 978 733 1008 est
757 972 806 1008 de
830 972 1112 1020 prolongatione
1137 974 1236 1010 vitae
1260 972 1454 1014 humanae,
1483 972 1546 1008 ubi
1574 983 1633 1009 ars
1662 971 1889 1008 medicinalis

614 1030 816 1066 remedium
857 1041 930 1066 non
969 1030 1081 1067 habet
1114 1031 1183 1074 nisi
1219 1030 1380 1077 regimen
1412 1030 1591 1067 sanitatis.
1657 1029 1728 1065 Est
1760 1034 1887 1066 autem

614 1086 766 1123 ulterior
783 1087 915 1133 longae
938 1088 1034 1124 vitae
1058 1080 1228 1123 exteneio
1250 1087 1444 1134 possibilis.
1493 1087 1533 1122 A
1556 1087 1734 1133 principio
1756 1085 1887 1122 mundi

614 1143 681 1181 suit
699 1156 832 1191 magna
845 1143 858 1165 ¹
876 1144 1107 1192 prolongatio
1128 1145 1236 1188 vitae.
1247 1139 1319 1181 ‘sed
1339 1144 1458 1181 nunc¹
1474 1143 1688 1181 abbreviata
1711 1147 1769 1180 est
1792 1141 1888 1179 ultra

615 1203 779 1238 modum.
815 1202 972 1239 Causam
986 1209 1110 1240 autem
1123 1203 1233 1249 hujus
1245 1202 1538 1249 prolongationis
1552 1208 1590 1238 et
1603 1199 1888 1238 abbreviationis

614 1261 895 1295 aestimaverunt
921 1260 1026 1296 multi
1050 1271 1129 1296 aese
1152 1272 1174 1296 a
1196 1266 1301 1306 parte
1325 1261 1430 1295 coeli.
1480 1260 1578 1295 Nam
1596 1259 1887 1294 aestimaverunt

613 1316 715 1362 quod
748 1317 839 1353 coeli
868 1318 1059 1364 dispositio
1088 1316 1196 1354 suerit
1230 1318 1372 1365 optIma
1404 1329 1427 1353 a
1456 1316 1645 1364 principio,
1675 1322 1713 1352 et
1747 1315 1888 1352 mundo

613 1381 826 1411 senescente
841 1375 966 1411 omnia
983 1374 1185 1416 tabescunt,
1203 1376 1441 1411 aestimantes
1463 1374 1587 1411 stellas
1608 1373 1720 1410 fuisse
1745 1378 1888 1410 creatas

613 1432 650 1467 in
692 1432 781 1467 locis
819 1433 1185 1474 convenientioribus‚
1221 1433 1256 1468 in
1296 1432 1431 1479 quibus
1470 1430 1597 1467 stellae
1627 1442 1714 1467 suas
1746 1430 1887 1466 habent

614 1489 821 1535 dignitates,
846 1501 941 1535 quae
966 1496 1143 1526 vocantur
1168 1491 1311 1532 domus,
1336 1490 1527 1533 exaltatio,
1551 1487 1751 1534 triplicitas,
1775 1487 1888 1524 facies

613 1551 649 1582 et
681 1547 870 1590 termium,
899 1553 935 1583 et
970 1548 1006 1583 in
1043 1548 1183 1584 meliori
1219 1548 1456 1594 proportione
1490 1557 1616 1583 earum
1647 1545 1694 1582 ad
1728 1546 1886 1582 invicem

612 1605 810 1641 secundum
828 1605 1074 1642 diversitatem
1092 1605 1328 1652 aspectuum³
1345 1605 1401 1641 vel
1419 1604 1681 1652 projectionem
1699 1603 1887 1639 radiorum

613 1662 841 1706 inviflibilern,
866 1668 903 1698 et
932 1664 1032 1708 quod
1065 1664 1112 1698 ab
1147 1663 1211 1698 illo
1243 1668 1340 1698 statu
1374 1662 1553 1708 paulatim
1587 1666 1824 1705 recesserunt,
1847 1666 1887 1697 et

610 1720 812 1756 secundum
837 1719 933 1756 hunc
959 1732 1139 1756 recessum
1167 1725 1311 1766 ponunt
1334 1722 1433 1756 vitae
1456 1720 1746 1756 decurtationem
1770 1730 1888 1765 usque

611 1777 659 1813 ad
688 1777 846 1824 aliquem
875 1777 1070 1814 terminum
1099 1777 1228 1820 fixum,
1261 1778 1296 1814 in
1330 1789 1403 1825 quo
1430 1782 1485 1813 eat
1517 1772 1645 1814 statua.
1705 1775 1780 1813 Sed
1815 1776 1888 1814 hoc

613 1834 724 1870 habet
755 1835 886 1870 multas
916 1835 1223 1872 contradictiones
1252 1842 1290 1872 et
1323 1835 1570 1877 difficultatem
1594 1835 1643 1870 de
1670 1834 1804 1880 quibus
1829 1840 1887 1870 &t

613 1893 726 1928 modo
750 1893 954 1928 dicendum.

427 1959 512 1988 Rule·
524 1960 557 1988 os
660 1949 712 1986 Et
728 1949 806 1986 sive
821 1949 892 1986 hoc
909 1950 1017 1986 fuerit
1031 1960 1159 1986 verum
1176 1950 1253 1986 sive
1270 1962 1354 1993 non,
1369 1960 1516 1987 necesse
1534 1955 1589 1986 est
1605 1949 1716 1986 aliam
1736 1960 1885 1986 causam

425 1996 577 2069 ξέζξξξῶ.
610 2007 797 2054 assignari,
815 2018 910 2054 quae
927 2008 1032 2044 nobis
1049 2014 1223 2055 prompta
1243 2012 1299 2044 est
1316 2014 1354 2044 et
1376 2008 1498 2054 plana.
1514 2008 1574 2044 cui
1589 2007 1792 2044 contradici
1810 2017 1885 2043 non

609 2070 742 2110 potest,
767 2077 879 2111 quam
903 2066 1039 2100 scimus
1064 2077 1130 2111 per
1154 2066 1430 2111 experientiam.
1480 2065 1531 2101 Et
1555 2065 1638 2100 ideo
1663 2065 1758 2101 circa
1784 2065 1886 2101 illam

610 2122 872 2168 negotiandum
899 2129 966 2167 est,
995 2129 1035 2159 ut
1065 2129 1242 2170 appareat
1272 2122 1445 2159 mirabilis
1474 2129 1510 2159 et
1536 2122 1727 2158 ineffabilis
1747 2122 1887 2159 utilitas

609 2186 646 2216 et
665 2179 937 2226 magnificentia
954 2180 1140 2217 Scientiae
1162 2181 1487 2228 Experimentalis,
1505 2186 1541 2217 et
1558 2181 1743 2227 aperiatur
1759 2181 1820 2216 via
1835 2180 1885 2217 ad

609 2238 818 2273 maximum
843 2243 1023 2274 secretum
1049 2244 1284 2279 secretorum,
1310 2239 1413 2286 quod
1436 2237 1658 2274 Aristoteles
1685 2238 1886 2274 occultavit

610 2296 646 2330 in
674 2295 768 2331 libro
791 2296 839 2331 de
866 2296 1057 2342 Regimine
1087 2296 1234 2332 Vitae⁴.
1285 2296 1380 2331 Cum
1407 2296 1503 2331 enim
1531 2296 1692 2342 regimen
1717 2296 1887 2332 sanitatis

608 2354 742 2389 debeat
759 2364 838 2389 esse
856 2353 890 2389 in
908 2352 992 2389 cibo
1012 2359 1050 2390 et
1069 2359 1171 2400 potu,
1189 2364 1319 2389 somno
1345 2359 1381 2389 et
1405 2353 1540 2400 vigilia,
1556 2359 1658 2389 motu
1685 2359 1724 2389 et
1747 2353 1885 2400 quiete,

608 2411 846 2448 evacuatione
879 2417 915 2447 et
950 2411 1162 2454 retentione,
1190 2412 1281 2447 aeris
1308 2411 1558 2458 dispositione,
1583 2416 1621 2447 et
1648 2411 1887 2455 passionibus

608 2468 739 2512 animi;
766 2474 806 2504 ut
822 2469 912 2503 haec
930 2469 967 2503 in
986 2469 1110 2504 debito
1126 2472 1416 2514 temperamento
1434 2469 1638 2503 habeantur
1649 2468 1698 2503 ¹ab
1713 2468 1885 2511 infantia;

608 2527 655 2561 de
670 2526 728 2561 his
744 2527 992 2573 temperandis
1009 2526 1128 2561 nullus
1145 2527 1259 2562 homo
1276 2527 1356 2562 vult
1372 2537 1507 2570 curare,
1525 2527 1636 2561 etiam
1653 2537 1720 2561 nec
1740 2527 1885 2571 medici,

606 2583 695 2630 quia
710 2595 777 2619 nos
791 2584 959 2619 videmus
977 2585 1077 2630 quod
1094 2584 1141 2620 de
1159 2583 1363 2619 millenario
1383 2584 1606 2619 medicorum
1622 2583 1686 2619 vix
1704 2583 1773 2619 erit
1791 2595 1885 2620 unus

606 2641 668 2687 qui
688 2641 819 2676 saltem
843 2641 970 2677 leviter
994 2641 1148 2677 curabit*
1190 2641 1241 2676 Et
1263 2641 1445 2676 rarissime
1472 2642 1603 2676 accidit
1625 2641 1725 2686 quod
1752 2641 1885 2688 aliquis

606 2704 708 2734 curat
741 2699 969 2741 sufficienter,
994 2704 1031 2734 et
1061 2699 1130 2733 hoc
1157 2710 1345 2744 nunquam
1372 2699 1505 2734 accidit
1531 2699 1567 2733 in
1589 2698 1792 2744 juventute,
1817 2699 1884 2734 sed

606 2755 801 2802 aliquando
819 2756 912 2792 inter
928 2756 997 2792 tria
1014 2756 1128 2792 millia
1148 2755 1263 2792 unus*
1281 2757 1421 2802 cogitat
1441 2756 1488 2792 de
1508 2755 1574 2799 his,
1592 2767 1707 2802 quum
1723 2756 1884 2793 senescit

715 2844 721 2861 ¹
742 2844 837 2880 ionga,
848 2844 875 2878 J.
1351 2845 1361 2861 ¹
1381 2854 1442 2879 net:¹
1456 2845 1484 2879 J.

712 2887 724 2904 ²
741 2888 948 2923 aspicientium,
961 2887 990 2922 J.
1353 2888 1362 2904 ⁸
1381 2891 1436 2916 See
1452 2893 1518 2916 note
1532 2897 1567 2916 on
1583 2888 1636 2916 vol.
1654 2889 1671 2916 i.
1686 2898 1714 2924 p.
1731 2898 1772 2917 ro.

712 2931 728 2947 ³
741 2931 850 2966 aliquis,
866 2931 892 2964 J.
