2350 3580
630 709 695 744 160
881 709 1054 744 OPERIS
1079 709 1291 750 uasoms
1314 710 1443 744 PARS
1469 709 1658 752 QUJNTA.

626 799 707 836 sine
723 798 802 836 luoe
817 798 997 846 spirituali
1010 799 1157 836 divinae
1172 799 1323 847 gratiae.
1372 799 1426 836 Et
1441 800 1534 837 sicut
1548 799 1724 837 distantia
1739 800 1904 847 eorporis

626 861 833 904 temperata
849 857 1043 903 requiritur
1059 857 1108 892 ad
1123 857 1302 904 visionem
1317 857 1492 904 eorporis,
1510 862 1552 893 ut
1570 869 1636 895 nec
1652 869 1703 894 ex
1718 857 1903 904 superflua

627 914 803 950 distantia
826 914 1005 959 videntur,
1030 926 1099 951 nec
1121 926 1171 950 ex
1196 915 1310 951 nimia
1332 915 1697 963 appropinquatione,
1718 916 1771 952 sic
1794 916 1900 962 spiri·

627 971 778 1008 tualiter
808 972 970 1019 exigitur
1000 972 1038 1008 in
1071 971 1140 1009 hac
1172 978 1303 1019 parte;
1337 984 1425 1009 nam
1453 971 1643 1020 elongatio
1670 985 1694 1009 a
1723 972 1808 1009 Deo
1837 983 1903 1019 per

626 1028 882 1066 infidelitatem
923 1034 963 1066 et
997 1030 1272 1067 multitudinem
1314 1036 1550 1078 peccatorum
1585 1030 1683 1067 tollit
1720 1031 1898 1067 visionem

625 1087 863 1134 spiritualem,
881 1093 920 1143 et
943 1087 1181 1124 nihilominus
1204 1088 1458 1134 praesumptio
1484 1088 1621 1124 nimiae
1645 1087 1900 1124 familiaritatis

626 1143 783 1187 divinae,
799 1150 837 1181 et
854 1145 1094 1192 perscrutatio
1112 1145 1325 1191 majestatis.
1379 1144 1453 1182 Sed
1472 1145 1534 1192 qui
1554 1146 1745 1182 moderate
1765 1157 1900 1192 appro-

626 1202 806 1249 pinquant
821 1203 980 1249 pedibus
1000 1203 1079 1249 ejus
1097 1202 1350 1239 exclamantes
1366 1214 1450 1239 cum
1468 1203 1651 1250 apostolo,
1669 1203 1725 1240 ⁸0
1742 1202 1900 1240 altitudo

624 1259 835 1295 divitiarum
860 1261 1063 1307 sapientiae
1088 1266 1125 1296 et
1150 1261 1325 1296 scientiae
1349 1260 1430 1303 Dei,
1450 1271 1561 1306 quam
1586 1261 1898 1308 incomprehensi-

623 1316 712 1352 bilia
730 1323 816 1353 nunt
839 1319 977 1364 judicia
992 1319 1081 1364 ejus,
1097 1323 1134 1354 et
1159 1319 1472 1364 ininvestigabiles
1496 1319 1576 1354 viae
1598 1315 1698 1365 ejus:
1716 1318 1898 1366 accipient

622 1374 671 1411 de
699 1375 866 1412 doctrina
895 1375 972 1422 ejus
1003 1375 1206 1412 secundum
1239 1375 1470 1423 prophetam,
1503 1379 1561 1412 ‘et
1589 1376 1694 1412 ibunt
1719 1375 1897 1423 paulatim

622 1433 671 1469 de
688 1433 821 1468 virtute
837 1433 875 1468 in
889 1434 1072 1476 virtutem.
1090 1434 1210 1471 donec
1231 1434 1401 1470 videatur
1418 1433 1522 1470 Deus
1544 1433 1709 1470 Deorum
1727 1434 1765 1468 in
1785 1432 1897 1470 Sion?

625 1490 676 1526 Et
692 1491 744 1526 sic
759 1492 808 1527 de
823 1491 905 1527 aliis
921 1503 987 1527 sex
1008 1491 1109 1528 facile
1119 1496 1223 1538 patet
1234 1492 1481 1527 consideranti
1494 1491 1683 1538 quomodo
1696 1503 1898 1538 cooperan-

622 1553 681 1583 tur
707 1559 837 1585 eorum
866 1549 1121 1585 similitudines
1148 1550 1188 1585 in
1219 1550 1297 1585 visu
1323 1550 1525 1596 spirituali3
1554 1555 1592 1585 et
1617 1550 1702 1585 ideo
1731 1561 1805 1585 non
1840 1554 1897 1586 est

621 1605 772 1653 singulis
790 1607 1072 1643 immorandum.

453 1665 482 1698 ²)
502 1663 599 1693 oruae
670 1663 724 1700 Et
748 1674 832 1701 cum
862 1664 997 1712 triplex
1026 1670 1083 1701 est
1112 1665 1214 1707 visio,
1242 1664 1382 1701 scilicet
1410 1664 1492 1701 solo
1519 1675 1638 1706 sensu.
1667 1664 1829 1707 scientia,
1858 1669 1896 1701 et

435 1702 610 1773 {fffissa
621 1722 861 1768 syllogismo:
887 1723 1054 1758 similiter
1072 1733 1222 1758 neeesse
1241 1728 1298 1758 est
1316 1722 1465 1766 homini,
1487 1728 1530 1758 ut
1552 1722 1733 1768 triplicem
1758 1722 1896 1758 habent

435 1773 502 1799 ‘¹⁰¹¹-
621 1778 808 1816 visionem.
858 1781 959 1815 Nam
981 1780 1061 1816 solo
1081 1791 1190 1815 sensu
1212 1790 1329 1826 pauca
1352 1780 1605 1826 cognoscimus
1632 1785 1669 1815 et
1692 1790 1837 1826 pamm,
1854 1785 1896 1815 ut

619 1835 739 1873 lucem
764 1843 801 1874 et
827 1837 997 1879 colorem,
1017 1844 1054 1874 et
1079 1837 1150 1874 hoc
1174 1837 1354 1880 debiliter,
1372 1837 1507 1874 scilicet
1532 1849 1579 1874 an
1605 1837 1679 1873 sint
1704 1847 1767 1873 seu
1793 1838 1894 1884 quod

619 1894 715 1937 sinn
737 1895 802 1930 sed
821 1906 886 1941 per
901 1895 1091 1931 scientiam
1108 1896 1363 1941 cognoscimus
1381 1895 1436 1940 cuj
1443 1895 1585 1931 usmodi
1606 1895 1679 1930 sint
1698 1900 1738 1931 et
1756 1895 1894 1941 quala,

619 1963 666 1987 an
692 1952 757 1988 lux
781 1953 870 1988 solis
894 1953 951 1988 vel
978 1951 1094 1994 lunae,
1119 1964 1165 1988 an
1192 1951 1293 1988 color
1316 1953 1423 1988 albus
1447 1952 1506 1988 vel
1531 1953 1643 1998 niger.
1694 1951 1765 1988 Per
1780 1952 1894 1997 syllo-

618 2009 778 2056 gismum
795 2010 943 2056 quidem
968 2010 1223 2056 cognoscimus
1248 2010 1371 2046 omnia
1393 2020 1490 2056 quae
1512 2009 1747 2046 circumstant
1774 2009 1892 2046 lucem

618 2074 657 2103 et
672 2067 833 2102 colorem
852 2068 1053 2103 secundum
1074 2067 1196 2102 omnia
1216 2068 1343 2114 viginti
1363 2067 1550 2102 sensibilia
1574 2069 1790 2102 communia.
1843 2067 1892 2102 Et

616 2126 701 2160 ideo
725 2127 841 2171 prima
866 2126 1028 2172 cognitio
1050 2132 1108 2160 est
1125 2124 1270 2169 debilis,
1287 2125 1443 2161 secunda
1470 2131 1525 2160 est
1554 2125 1760 2171 perfectior,
1784 2125 1893 2160 tertia

617 2188 672 2219 eet
697 2182 972 2230 perfectissima.
1023 2182 1201 2219 Similiter
1216 2182 1353 2219 accidit
1370 2183 1405 2218 in
1423 2182 1563 2218 visione
1578 2181 1781 2228 spirituali:
1806 2193 1891 2219 narn

616 2240 717 2286 quod
744 2237 857 2276 homo
886 2241 954 2277 scit
979 2240 1059 2277 solo
1088 2252 1196 2277 sensu
1224 2240 1374 2288 proprio
1405 2240 1592 2276 modicum
1621 2246 1687 2282 est,
1716 2240 1891 2286 quoniam

615 2298 759 2344 indiget
781 2298 919 2344 duplIci
942 2298 1153 2344 cognitione
1172 2305 1319 2344 praeter
1338 2298 1456 2338 istam,
1476 2297 1614 2333 scilicet
1634 2309 1701 2343 per
1720 2298 1892 2334 doctores

614 2356 846 2402 a'juventute
868 2367 982 2401 usque
1000 2356 1048 2391 ad
1074 2356 1228 2391 senium.
1276 2356 1375 2391 Nam
1401 2364 1546 2399 semper
1571 2367 1763 2401 possumus
1787 2355 1890 2391 addi-

614 2424 717 2450 scere
732 2424 797 2459 per
812 2413 1052 2460 sapientiores
1074 2413 1192 2449 nobis.
1243 2413 1294 2449 Et
1319 2414 1405 2449 ideo
1430 2411 1538 2448 tertia
1563 2413 1774 2459 cognitione
1797 2412 1889 2449 indi-

615 2482 755 2518 gemus,
771 2482 866 2517 quae
882 2476 937 2507 at
954 2481 1021 2516 per
1037 2471 1197 2507 divinam
1216 2470 1532 2514 illuminationem.

428 2535 470 2570 (³)
494 2534 590 2563 Orthe
665 2528 786 2564 Aliter
801 2540 888 2564 vero
906 2529 1112 2574 triplicatur
1128 2529 1221 2563 visio
1238 2530 1439 2564 secundum
1458 2528 1558 2574 quod
1580 2528 1618 2564 fit
1641 2533 1747 2570 recte,
1766 2528 1890 2572 fracte,

426 2571 601 2635 ssfflffid'
615 2592 652 2622 et
670 2585 815 2622 reflexe.
866 2586 988 2622 Prima
1012 2592 1068 2621 est
1093 2585 1290 2632 perfectior
1314 2585 1404 2630 aliis,
1421 2593 1459 2622 et
1485 2586 1643 2623 secunda
1669 2586 1800 2622 certior
1823 2592 1891 2631 est,

426 2643 566 2672 lunium
615 2644 723 2681 tertia
739 2643 988 2680 incertissima.
1039 2643 1194 2691 Propter
1212 2643 1282 2679 hoc
1308 2649 1496 2680 ostensum
1523 2651 1578 2680 est
1603 2643 1767 2690 superius
1788 2644 1887 2690 quod

426 2689 548 2753 39¹⁸?
614 2702 780 2749 operatio
810 2701 1010 2738 secundum
1041 2700 1174 2737 lineam
1205 2705 1343 2737 rectam
1372 2709 1430 2738 est
1455 2702 1663 2743 fortissima,
1689 2705 1729 2737 et
1758 2701 1889 2737 fractio

425 2753 516 2789 8¹⁶&-
614 2760 735 2795 minua
749 2758 917 2795 debilitat
934 2770 1045 2804 quarn
1065 2757 1228 2794 reflexio.
1280 2759 1330 2795 Et
1345 2760 1436 2796 haec
1461 2761 1554 2795 sicut
1570 2764 1655 2795 sunt
1674 2760 1709 2794 in
1727 2758 1818 2802 aliis,
1835 2761 1888 2795 sic

609 2823 697 2853 sunt
715 2817 750 2853 in
766 2816 923 2860 visione3
943 2822 982 2852 et
1007 2816 1099 2852 sicut
1125 2816 1161 2852 in
1190 2806 1330 2852 visio'ne
1347 2816 1538 2862 corporali,
1563 2816 1616 2853 sic
1643 2816 1678 2852 in
1705 2816 1885 2862 spirituali

604 2879 757 2921 oportet
774 2885 864 2910 esse.
915 2873 966 2909 Et
983 2874 1043 2909 hic
1061 2879 1183 2920 potest
1202 2873 1279 2908 fieri
1305 2874 1501 2920 multiplex
1518 2874 1747 2920 comparatio
1765 2886 1774 2919 ;
1798 2885 1885 2911 nam

609 2931 790 2974 rectitudo
820 2931 970 2967 visionis
1001 2932 1083 2966 Deo
1109 2931 1285 2966 debetur:
1312 2931 1510 2967 declinatio
1533 2943 1556 2966 a
1581 2932 1796 2967 rectitudine
1820 2943 1887 2979 per
