2350 3580
609 709 677 753 278
844 709 1018 744 OPERIS
1031 709 1252 748 -MMORJS
1278 708 1406 742 PARS
1431 707 1653 742 SEPTIMA.

610 795 792 845 sibiloque
804 797 953 844 ‘mugitu
980 800 1018 832 et
1034 797 1192 832 stridore
1221 791 1523 842 perstrepentem,
1541 795 1645 831 omni
1668 795 1760 832 odio
1782 791 1891 832 labo-

614 859 756 890 mntem
779 855 848 898 sui,
870 855 1032 890 maxime
1052 855 1083 889 si
1104 852 1212 890 aliter
1234 865 1365 890 nocere
1385 865 1459 889 non
1477 854 1603 899 possit,
1621 858 1744 895 terras,
1763 850 1892 895 maria,

610 910 829 958 coelumque
862 922 968 948 ruere
1000 911 1210 958 cupientem
1221 909 1254 947 ¹.'
1308 910 1359 947 Et
1394 911 1428 947 in
1465 910 1576 948 tertio
1616 910 1711 946 libro
1744 909 1891 951 dicitur,

613 971 621 988 ⁸
634 969 891 1005 NecessarIum
899 969 911 989 ²
926 974 983 1004 est
995 969 1121 1014 itaque
1132 968 1347 1004 foeditatem
1361 968 1439 1014 ejus
1448 975 1486 1004 et
1496 968 1678 1003 feritatem
1687 978 1890 1014 coarguere

613 1031 649 1062 et
681 1032 768 1062 ante
801 1026 928 1062 oculos
970 1037 1114 1075 ponere,
1154 1031 1334 1072 quantum
1379 1031 1583 1061 monstrum
1623 1025 1671 1060 sit
1703 1024 1820 1060 homo
1851 1022 1889 1060 in

613 1084 801 1120 hominem
822 1082 990 1127 iuterim*
1023 1089 1062 1119 et
1085 1087 1146 1119 ‘nt
1174 1083 1387 1119 iracundum
1413 1082 1669 1129 descripsimus
1694 1092 1819 1118 acrem
1853 1088 1890 1118 et

614 1152 710 1177 nunc
728 1142 912 1178 subducto
937 1146 1112 1178 retrorsus
1134 1141 1312 1187 sanguine
1334 1141 1536 1186 fugatoque
1561 1140 1770 1186 pallentem,
1795 1150 1890 1177 nunc

614 1199 649 1234 in
671 1211 712 1235 os
742 1199 841 1235 omni
859 1199 981 1234 colore
1003 1204 1041 1234 et
1065 1199 1195 1245 spiritu
1214 1210 1319 1234 verso
1336 1198 1648 1234 subrubicundum
1665 1199 1704 1234 et
1728 1197 1888 1234 similem

613 1262 775 1300 cruento,
799 1257 899 1292 venis
914 1257 1151 1301 tumentibus,
1165 1262 1205 1292 et
1228 1256 1343 1292 oculis
1367 1267 1463 1299 nunc
1483 1257 1638 1303 trepidis
1663 1261 1700 1291 et
1718 1254 1892 1293 exsilien-

613 1313 724 1355 tibus,
752 1325 849 1349 nunc
885 1314 919 1349 in
955 1325 1026 1350 uno
1059 1305 1192 1350 o‘btutu
1223 1312 1356 1349 defixis
1390 1319 1427 1348 et
1461 1313 1703 1350 haerentibus.
1754 1313 1891 1360 Adjioe

613 1372 779 1406 dentium
798 1371 895 1406 inter
910 1383 950 1406 se
962 1371 1201 1406 arietatorum
1221 1382 1294 1406 non
1312 1371 1426 1405 alium
1443 1382 1575 1406 sonum
1588 1382 1701 1416 quam
1717 1376 1775 1407 est
1790 1371 1890 1420 apris

613 1428 688 1464 tela
705 1440 770 1463 sua
786 1429 913 1464 attritu
932 1429 1157 1465 acuentibus.
1208 1427 1343 1474 Adjice
1356 1427 1593 1464 articulorum
1607 1428 1787 1474 crepitum
1805 1439 1889 1465 cum

610 1496 651 1521 se
668 1486 766 1531 ipsas
788 1496 914 1522 manus
932 1486 1113 1532 frangunt,
1130 1491 1167 1522 et
1185 1485 1370 1532 pulsatum
1387 1486 1532 1532 saepius
1553 1491 1691 1532 pectus,
1707 1485 1891 1523 anhelitus

613 1542 759 1578 crebros
788 1548 997 1589 tractosque
1030 1543 1141 1578 altius
1172 1543 1345 1594 gemitus,
1378 1543 1547 1578 instabile
1581 1554 1720 1595 eorpus,
1754 1544 1892 1581 incerta

612 1598 735 1644 verba,
759 1601 890 1636 subitis
914 1601 1248 1636 exclamationibus
1276 1601 1472 1643 trementia
1495 1601 1598 1636 labra
1633 1590 1891 1648 interdumque

613 1667 830 1704 compressa,
846 1664 884 1693 et
900 1658 1021 1694 dirum
1037 1658 1223 1704 quoddam
1243 1657 1498 1694 exsibilantia'
1551 1657 1746 1694 Praeterea
1762 1664 1890 1694 contra

613 1721 781 1750 naturam
795 1715 952 1750 hominis
963 1721 1018 1751 est
1037 1717 1121 1762 quia
1139 1727 1274 1763 corpus
1292 1715 1417 1751 multis
1430 1716 1702 1762 gravaminibus
1716 1715 1835 1764 laedit
1849 1721 1888 1751 et

610 1774 719 1808 variis
755 1774 988 1819 passionibus
1012 1782 1050 1810 et
1076 1774 1363 1820 informitatibus
1395 1772 1578 1820 flagellat(
1616 1775 1714 1810 Nam
1749 1774 1891 1812 Seneca

613 1830 701 1866 dicit
719 1831 755 1865 in
775 1830 846 1866 fine
863 1832 1014 1879 secundi
1040 1831 1121 1867 libri
1143 1835 1150 1849 ¹
1163 1832 1376 1867 Videndum
1390 1832 1405 1852 ³
1427 1843 1538 1878 quam
1558 1832 1683 1868 multis
1700 1844 1765 1878 per
1780 1844 1823 1868 se
1838 1833 1892 1868 ira

614 1888 786 1924 nocuerit.
817 1887 913 1924 ‘Alii
932 1888 1045 1925 nimio
1059 1888 1199 1925 fervore
1216 1900 1347 1935 rupere
1361 1900 1482 1930 venas.
1494 1895 1532 1925 et
1550 1891 1763 1935 sanguinem
1780 1897 1894 1938 super

614 1945 708 1980 vires
731 1945 850 1980 elatus
886 1945 1026 1980 clamor
1059 1947 1204 1992 egessit,
1239 1951 1274 1983 et
1309 1946 1487 1982 Iuminum
1511 1946 1674 1992 ‚suffudit
1701 1948 1820 1983 aciem
1852 1947 1890 1984 in

614 2002 741 2037 oculos
777 2003 1032 2038 vehementius
1074 2003 1208 2039 humor
1250 2009 1405 2050 egestus,
1443 2010 1481 2040 et
1523 2005 1557 2039 in
1601 2005 1753 2040 morbos
1791 2005 1892 2051 aegri

614 2058 792 2095 recidere!
843 2059 895 2095 Et
920 2060 1079 2096 vidimus
1105 2073 1214 2096 sanos
1242 2060 1430 2098 multoties
1453 2061 1621 2098 homines
1643 2062 1891 2108 aegritudines

613 2117 730 2152 varias
749 2118 932 2153 incurrere
951 2117 1168 2154 ferventiore
1188 2119 1239 2155 ira
1255 2125 1454 2166 permotos.

426 2182 581 2218 lingente-
662 2173 737 2209 Sed
770 2175 938 2210 similiter
970 2187 992 2210 a
1026 2181 1130 2222 parte
1163 2177 1310 2212 animae
1339 2181 1395 2212 est
1421 2177 1474 2212 ira
1496 2177 1714 2221 innaturalis
1737 2177 1893 2214 homini.

426 2218 601 2282 331¹}ssng
615 2231 721 2267 Duae
739 2231 837 2267 enim
866 2239 950 2268 sunt
978 2240 1101 2279 partes
1123 2234 1272 2269 animae
1300 2234 1563 2277 intellectivae3
1589 2246 1663 2270 una
1684 2241 1740 2271 est
1764 2247 1894 2282 specu-

427 2291 558 2319 sacunies.
613 2289 724 2324 lativa
741 2293 778 2324 et
796 2290 938 2324 ratione
955 2297 1082 2332 utens3
1102 2291 1179 2339 ‚alia
1199 2298 1252 2328 est
1270 2292 1431 2338 practica
1447 2297 1485 2328 et
1511 2292 1547 2328 in
1565 2305 1728 2329 amorem
1746 2293 1894 2330 virtutis

613 2347 795 2382 ordinata.
846 2347 1006 2382 Primam
1039 2360 1128 2383 vero
1165 2349 1356 2394 perturbat
1389 2350 1441 2384 ira
1476 2355 1512 2384 et
1554 2356 1610 2384 est
1652 2350 1685 2384 ei
1727 2351 1894 2387 maxime

614 2403 770 2447 inimica,
808 2409 846 2439 et
879 2416 961 2439 eam
1006 2405 1193 2441 multoties
1230 2407 1333 2442 ducit
1365 2407 1401 2441 in
1435 2407 1593 2442 furorem
1627 2412 1666 2442 et
1701 2408 1891 2444 insaniam.

613 2460 710 2496 Nam
748 2461 783 2495 in
808 2463 971 2497 secundo
1007 2462 1099 2498 libro
1132 2463 1221 2499 dicit
1254 2463 1406 2509 Seneca,
1432 2469 1441 2483 ⁵
1458 2464 1570 2500 Ratio
1581 2463 1599 2484 ⁴
1625 2466 1769 2512 utrique
1794 2467 1892 2512 parti

613 2525 759 2564 tempus
777 2518 852 2561 dat,
870 2527 906 2554 et
923 2520 992 2555 sibi
1008 2521 1100 2567 petit
1114 2527 1154 2556 ut
1172 2522 1414 2557 excutiendae
1426 2522 1567 2558 veritati
1581 2523 1727 2570 tempus
1745 2522 1893 2560 habeat.

615 2574 672 2611 Ira
686 2576 843 2612 festinat.
889 2577 1000 2613 Ratio
1012 2577 1214 2625 adjudicari
1234 2579 1312 2614 vult
1325 2580 1425 2625 quod
1440 2591 1598 2625 aequum
1616 2585 1681 2616 est.
1724 2580 1784 2616 Ira
1801 2581 1893 2618 illud

613 2643 770 2679 aequum
798 2644 872 2670 non
890 2634 970 2671 vult
990 2637 1092 2681 quod
1119 2629 1230 2671 Ratio
1256 2636 1445 2682 judicavit.
1496 2638 1608 2672 Ratio
1634 2638 1720 2673 nihil
1749 2644 1894 2684 praeter

613 2691 733 2736 ipsum
768 2691 817 2726 de
850 2702 926 2737 quo
957 2693 1077 2739 agitur
1109 2699 1262 2740 spectat.
1322 2694 1382 2730 Ira
1406 2695 1507 2730 vanis
1534 2702 1570 2731 et
1604 2701 1711 2731 extra
1743 2706 1893 2732 causam

613 2749 892 2786 obversantibus
917 2757 1182 2786 commovetur.
1233 2751 1425 2797 Iracundia
1461 2763 1533 2789 non
1564 2753 1641 2789 vult
1666 2753 1771 2799 regi.;
1804 2753 1895 2790 iras-

650 2851 658 2867 ¹
678 2852 739 2880 The
752 2851 837 2881 latter
848 2857 910 2887 part
923 2854 957 2881 os
968 2855 1023 2882 this
1037 2856 1183 2890 quotation
1199 2857 1223 2884 is
1236 2857 1396 2884 somewhn
1410 2857 1573 2885 condensed
1587 2858 1659 2885 from
1673 2859 1723 2886 the
1735 2859 1868 2894 original.

648 2896 659 2911 ¹
679 2895 721 2922 Dr
732 2896 789 2927 Im.
805 2896 841 2923 iii.
857 2905 883 2932 3.
899 2907 923 2932 ⁴·
1576 2901 1587 2916 ³
1606 2901 1641 2928 ι’ὸ,
1655 2902 1682 2929 ii.
1698 2904 1743 2936 ³⁶-

648 2939 665 2954 *
678 2940 711 2966 ὤ.
728 2939 743 2966 ἰ
763 2941 802 2973 18,
820 2948 852 2974 ¹9
868 2945 930 2975 [not
943 2942 1014 2968 from
1029 2943 1077 2969 the
1089 2944 1199 2971 second
1212 2944 1308 2978 book).
