2350 3580
620 719 684 764 138
865 719 1038 753 OPERIS
1063 719 1273 759 MAJORJS
1300 719 1428 752 PARS
1454 719 1644 761 QUINTA.

617 810 841 857 quandoque
888 815 1068 857 apparent
1114 821 1312 852 convexae.
1346 810 1570 856 quandoque
1609 821 1818 855 concavae;
1857 818 1896 846 et

617 868 840 915 quandoque
859 879 1041 904 concavae
1063 867 1421 915 comprehenduntur
1445 878 1635 903 convexae
1654 874 1694 904 ut
1717 868 1897 915 probatur

618 925 717 962 libro·
746 931 853 961 sexto
886 924 1065 970 fflhazen,
1099 925 1264 971 capitulo
1296 926 1478 971 septimo3
1512 931 1550 961 et
1583 926 1655 962 hoc
1691 927 1895 961 secundum

617 983 865 1020 dIversitatem
882 984 974 1020 situs
990 984 1037 1020 ad
1052 982 1253 1029 speculum.
1290 982 1332 1018 ln
1344 982 1403 1019 his
1418 995 1507 1029 ergo
1523 983 1681 1029 speculis
1696 983 1897 1030 aliquando

617 1040 786 1077 cathetus
809 1041 1031 1087 aequidistat
1057 1040 1159 1077 radio
1185 1040 1325 1081 visuali,
1345 1047 1383 1077 et
1407 1047 1495 1077 tunc
1521 1048 1578 1078 est
1603 1041 1703 1078 iocus
1727 1041 1896 1087 imaginis

617 1109 699 1134 eum
723 1103 859 1145 puncto
883 1097 1101 1141 reflexionis,
1121 1103 1159 1133 et
1181 1097 1250 1134 hoc
1274 1098 1361 1144 quia
1386 1104 1543 1144 punctus
1570 1099 1777 1134 reflexionis
1800 1099 1896 1134 divi-

617 1156 735 1192 sibilis
759 1161 826 1199 eet,
841 1160 880 1191 et
902 1157 1043 1192 ratione
1065 1156 1172 1191 unius
1193 1155 1403 1191 medietatis
1424 1167 1598 1203 apparere
1624 1157 1775 1192 deberet
1800 1156 1897 1191 ultra

618 1212 817 1260 speculum,
835 1213 974 1249 ratione
999 1212 1143 1248 alterius
1163 1212 1263 1252 citra,
1283 1218 1323 1249 ut
1343 1213 1496 1260 patebit.
1550 1213 1623 1250 Sed
1643 1214 1731 1260 quia
1749 1224 1823 1249 una
1838 1220 1895 1250 est

617 1270 735 1306 forma
760 1275 797 1306 et
815 1272 1001 1312 continua,
1017 1275 1170 1316 apparet
1189 1275 1269 1306 tota
1290 1270 1326 1306 in
1350 1271 1470 1306 media
1494 1271 1681 1314 distantia,
1696 1272 1846 1308 scilicet·
1858 1272 1896 1307 in

616 1328 697 1374 ipso
725 1333 862 1374 puncto
895 1328 1114 1364 reflexionis.
1180 1328 1255 1364 Sed
1290 1329 1441 1374 quando
1474 1335 1694 1365 concurrunt
1727 1330 1896 1365 cathetus

617 1392 655 1422 et
688 1387 810 1422 radius
843 1385 999 1428 visualis,
1023 1391 1177 1432 apparet
1204 1397 1262 1421 res
1301 1386 1337 1421 in
1374 1396 1501 1422 eorum
1538 1397 1726 1430 concursu,
1750 1393 1788 1422 et
1825 1387 1896 1422 hoc

619 1443 866 1480 diversimode
879 1443 988 1488 Juxta
1006 1443 1117 1480 situm
1134 1443 1327 1479 diversum.
1379 1442 1592 1489 Aliquando
1609 1444 1705 1480 enim
1722 1449 1779 1481 est
1796 1443 1898 1480 locus

619 1501 790 1547 imaginis
815 1501 852 1536 in
877 1501 1034 1547 speculo,
1063 1501 1263 1547 aliquando
1290 1501 1394 1543 ultra,
1414 1501 1612 1547 aliquando
1636 1502 1738 1542 citra,
1763 1507 1800 1536 et
1826 1501 1896 1536 hoc

1436 1564 1501 1594 aut
1550 1560 1645 1595 intra
1689 1559 1808 1594 visum
1858 1565 1896 1612 et

1436 1616 1634 1663 speculum,
1660 1622 1724 1653 aut
1749 1617 1786 1652 in
1817 1617 1897 1663 ipso

1436 1678 1563 1709 centro
1576 1675 1684 1717 visus,
1698 1674 1896 1721 aliquando

1439 1737 1536 1767 retro
1561 1732 1717 1768 ocqum.

435 1796 570 1833 Emple
1487 1789 1594 1836 Quae
1618 1791 1740 1826 omnia
1767 1795 1897 1837 patent

430 1834 568 1898 ffisshgffi.
1439 1847 1474 1884 in
1505 1847 1621 1894 figura
1652 1848 1858 1894 subscripta
1871 1846 1895 1883 ².

1439 1905 1536 1941 Nam
1563 1906 1678 1940 forma
1701 1905 1898 1940 reflectit‘ur

1439 1964 1486 1998 ab
1523 1976 1543 1998 e
1581 1964 1627 1998 ad
1665 1976 1689 1998 a
1732 1974 1796 2009 per
1836 1975 1854 1998 e
1874 1975 1896 1998 a

1439 2021 1578 2056 radium
1587 2020 1895 2066 aequidistantem

1439 2078 1728 2125 perpendiculari
1760 2082 1777 2112 t
1795 2077 1830 2119 d,
1858 2083 1896 2113 et

1436 2141 1587 2181 apparet
1625 2136 1663 2170 in
1698 2148 1738 2177 ες
1783 2141 1822 2171 et
1859 2147 1896 2170 m

1439 2192 1636 2228 reflectitur
1665 2192 1712 2228 ab
1738 2206 1763 2228 n
1788 2193 1836 2228 ad
1861 2205 1896 2235 a,

1437 2257 1474 2286 et
1497 2249 1678 2286 concurrit
1703 2261 1785 2286 cum
1813 2261 1895 2296 per-

1439 2307 1661 2353 pendiculari
1692 2319 1727 2342 m
1745 2308 1780 2350 l;
1809 2312 1847 2342 et
1871 2307 1896 2342 k

1439 2362 1636 2400 reflectitur
1663 2376 1685 2399 a
1715 2370 1854 2411 puncto
1878 2377 1898 2399 c

1439 2421 1485 2458 ad
1496 2420 1641 2458 oculum
1654 2433 1686 2465 a,
1696 2428 1733 2457 et
1745 2427 1896 2468 apparet

1440 2479 1474 2513 in
1501 2491 1541 2520 ,η
1565 2484 1603 2515 et
1629 2491 1652 2524 q
1676 2480 1774 2515 cadit
1800 2479 1836 2514 in
1856 2490 1896 2524 g,

1439 2542 1476 2573 et
1528 2535 1725 2572 reflectitur
1777 2537 1816 2572 in
1863 2550 1896 2578 a,

1439 2595 1618 2631 concurrit
1654 2600 1774 2631 autem
1814 2605 1896 2630 curn

1436 2653 1585 2689 catheto
1616 2658 1714 2688 retro
1738 2652 1898 2694 oculum,

1436 2711 1576 2746 scilicet
1625 2711 1661 2745 in
1705 2723 1749 2751 ος
1798 2715 1836 2744 et
1876 2722 1898 2744 z

625 2771 725 2806 cadit
744 2771 780 2805 in
796 2782 823 2812 e,
842 2775 879 2804 et
897 2768 1094 2805 reflectitur
1110 2769 1157 2803 ad
1176 2766 1336 2802 oculum.
1387 2769 1578 2814 Nusquam
1605 2779 1692 2803 vero
1716 2767 1898 2803 concurrit

622 2841 675 2864 ae
698 2828 819 2863 radius
846 2838 926 2862 cum
952 2826 1101 2862 catheto
1125 2825 1239 2861 ducto
1265 2837 1288 2861 a
1313 2831 1450 2871 puncto
1474 2836 1496 2859 ε
1521 2836 1583 2871 per
1607 2824 1645 2866 d,
1661 2824 1727 2860 nisi
1756 2825 1792 2860 in
1817 2824 1896 2871 ipso

658 2911 668 2927 ¹
686 2911 749 2938 The
764 2911 859 2946 peina
870 2911 966 2938 which
979 2911 1037 2937 this
1046 2909 1137 2944 figure
1150 2910 1174 2937 in
1185 2910 1323 2937 intended
1334 2914 1363 2936 to
1377 2909 1516 2936 illustrate
1527 2917 1576 2936 are
1587 2908 1734 2936 distuzsed
1745 2908 1815 2936 with
1826 2917 1897 2943 very

623 2955 706 2982 much
726 2959 839 2988 greater
857 2954 972 2981 suune„
989 2954 1028 2988 by
1047 2953 1188 2988 Alluzen,
1202 2952 1248 2980 lib.
1261 2961 1288 2981 v„
1304 2961 1385 2988 prop.
1396 2953 1443 2983 fio.
1456 2953 1557 2979 whose
1576 2953 1740 2987 exposition
1757 2953 1783 2979 ia
1795 2953 1896 2987 copied
