2350 3580
428 1348 531 1376 Aetion
545 1348 570 1376 1⁸

426 1385 600 1449 53⁸⁹*

616 505 684 551 436
909 505 1282 540 MULTIPLICATIO
1308 506 1591 540 SPECIERUM.

617 601 703 642 post
718 596 819 643 quod
841 597 889 633 sit
911 596 1158 643 corruptibilis
1184 603 1223 632 et
1244 598 1344 643 quod
1366 598 1620 643 corrumpitur.
1674 597 1730 634 Et
1751 597 1784 634 si
1811 609 1906 635 nun·

616 665 729 701 quam
748 660 1009 701 corrumpatur,
1024 654 1082 690 vel
1109 655 1235 691 statim
1259 654 1318 690 vel
1343 656 1457 698 tarde,
1483 666 1557 690 non
1577 661 1844 702 corrumpetur
1869 656 1905 692 in

617 713 822 759 potentiam
848 712 1032 755 materiae,
1048 712 1113 748 sed
1139 712 1176 748 in
1199 712 1301 755 nihil,
1327 718 1368 749 ut
1391 713 1532 749 dictum
1557 718 1622 756 est,
1648 719 1686 748 et
1714 719 1812 750 tune
1835 714 1906 750 fuit

617 768 715 806 sacta
748 770 795 806 de
821 769 937 805 nihilo
962 775 1000 805 et
1024 775 1155 811 creata.
1181 771 1283 816 quod
1309 776 1364 806 est
1398 770 1631 817 impossibile.
1684 770 1772 806 Nec
1803 772 1905 807 cadit

615 832 781 863 creatura
797 827 833 863 in
850 827 938 862 nihil
956 833 1107 874 propter
1123 826 1194 862 hoc
1210 827 1310 873 quod
1324 838 1347 862 a
1360 827 1535 864 Creatore
1551 828 1775 864 continente
1789 840 1903 864 manu

615 889 784 928 tenetur;
808 885 1045 932 derogaretur
1060 885 1158 920 enim
1182 883 1352 921 infinitati
1374 885 1551 922 bonitatis
1571 892 1608 922 et
1631 886 1848 933 sapientiae
1866 892 1903 922 et

616 943 802 988 potentiae
819 941 1014 978 Creatoris.
1067 942 1162 978 Item
1179 954 1236 977 res
1252 931 1372 988 agens·
1390 953 1456 989 per
1476 943 1734 979 necessitatem
1761 948 1802 979 et
1824 943 1905 979 sine

615 999 877 1035 deliberatione
898 999 977 1045 agit
1003 999 1254 1043 uniformiter-5
1279 1011 1368 1046 ergo
1390 1011 1502 1046 agens
1524 1001 1658 1037 eodem
1681 1001 1802 1037 modo
1823 1001 1903 1047 agit

615 1057 652 1092 in
678 1057 847 1094 faciendo
869 1058 1028 1103 speciem
1055 1062 1093 1093 et
1119 1057 1289 1093 effectum
1321 1068 1587 1103 quemcunque,
1619 1063 1810 1103 quantum
1846 1066 1903 1095 est

612 1124 637 1150 a
653 1119 757 1160 parte
773 1125 850 1150 sua.
900 1114 994 1151 Cum
1012 1114 1123 1161 igitur
1139 1127 1162 1150 a
1178 1120 1283 1161 parte
1303 1115 1479 1151 materiae
1504 1115 1713 1161 recipientis
1741 1127 1822 1151 non
1842 1123 1900 1153 est

610 1172 802 1209 diversitas
826 1173 913 1218 quia
936 1172 1048 1208 etiam
1073 1172 1264 1208 uniformis
1288 1179 1355 1214 est,
1382 1172 1615 1209 manifestum
1639 1178 1701 1209 est
1725 1174 1897 1220 speciem

613 1229 690 1265 fieri
723 1229 771 1265 ab
812 1234 952 1276 agente,
986 1230 1082 1266 sicut
1121 1230 1235 1266 aliurn
1269 1230 1450 1272 effectum,
1484 1236 1521 1266 et
1557 1230 1609 1266 ita
1640 1231 1690 1266 de
1724 1232 1899 1278 potentia

614 1287 797 1323 materiae.

662 1344 899 1391 Quapropter
920 1355 1004 1380 cum
1029 1345 1120 1380 haec
1144 1345 1269 1380 omnia
1294 1345 1592 1381 inconvenientia
1614 1352 1829 1391 sequuntur
1848 1358 1898 1382 ex

614 1401 696 1445 hoc,
708 1402 809 1447 quod
825 1401 958 1437 dicitur
969 1403 1069 1448 quod
1088 1403 1229 1447 species
1246 1414 1320 1437 non
1339 1403 1387 1438 de
1404 1403 1569 1449 potentia
1587 1403 1767 1439 materiae
1783 1415 1899 1450 gene-

427 1457 544 1493 particle
556 1461 587 1485 1⁰
612 1465 722 1501 ratur,
733 1459 904 1506 oportet¹
919 1460 1018 1506 quod
1036 1459 1089 1495 sic
1106 1459 1171 1495 fiat
1191 1459 1269 1505 ejus
1284 1460 1485 1506 generatio.
1521 1460 1572 1496 Et
1582 1460 1630 1496 ad
1641 1460 1896 1506 objectionem

427 1493 551 1527 particle.

612 1527 845 1553 communem
862 1517 1158 1563 respondendum
1176 1522 1242 1561 est,
1258 1517 1397 1554 scilicet
1416 1517 1515 1563 quod
1539 1529 1653 1563 agens
1681 1529 1755 1554 non
1781 1519 1897 1555 debet

613 1585 692 1610 esse
710 1575 746 1610 in
764 1574 947 1620 profundo
960 1574 1134 1621 patientis
1152 1585 1271 1620 neque
1287 1576 1490 1611 secundum
1506 1575 1754 1611 substantiam
1774 1587 1896 1618 suam,

612 1642 730 1678 neque
751 1631 858 1667 aliter
879 1636 920 1667 ut
943 1632 990 1667 de
1012 1632 1178 1677 potentia
1203 1632 1374 1677 profundi
1400 1632 1580 1669 educatur
1597 1632 1749 1678 aliquid.
1807 1632 1894 1670 Hoc

610 1690 707 1724 enim
733 1700 807 1724 non
829 1689 979 1735 requirit
1003 1689 1102 1725 actio
1130 1690 1313 1733 naturalis,
1329 1700 1397 1726 nec
1422 1689 1643 1726 Aristoteles
1669 1690 1742 1726 hoe
1769 1691 1895 1727 deter-

612 1746 737 1791 minat,
752 1747 817 1782 sed
834 1746 954 1782 solum
971 1747 1072 1792 quod
1090 1746 1183 1782 inter
1199 1758 1312 1793 agens
1329 1752 1367 1783 et
1384 1747 1529 1793 patiens
1542 1747 1632 1782 nihil
1648 1746 1696 1783 sit
1712 1748 1892 1783 medium.

612 1804 717 1840 Tunc
735 1803 830 1839 enim
847 1805 1053 1840 substantia
1070 1804 1213 1849 agentis
1235 1804 1354 1839 activa
1372 1809 1527 1851 tangens
1553 1805 1631 1840 sine
1653 1805 1777 1840 medio
1803 1807 1893 1841 sub·

611 1862 784 1898 stantiam
811 1862 984 1908 patientis
1007 1867 1131 1907 potest
1164 1873 1212 1897 ex
1238 1861 1372 1897 virtute
1405 1867 1442 1897 et
1468 1862 1634 1908 potentia
1666 1873 1733 1897 sua
1766 1863 1892 1899 activa

609 1924 856 1955 transmutare
868 1919 1024 1965 primam
1042 1923 1184 1965 partem
1196 1919 1368 1964 patientis
1380 1929 1492 1964 quam
1511 1920 1639 1966 tangit,
1648 1924 1685 1955 et
1704 1920 1890 1957 redundat

610 1977 709 2013 actio
725 1977 762 2012 in
783 1976 1003 2023 profundum
1020 1976 1115 2012 illius
1132 1976 1257 2023 partis,
1279 1977 1367 2023 quia
1388 1976 1449 2011 illa
1473 1988 1556 2023 pars
1579 1988 1650 2012 non
1676 1982 1733 2012 est
1759 1989 1890 2024 super·

610 2033 719 2078 ficies,
743 2034 808 2069 sed
835 2045 966 2080 corpus
984 2040 1311 2080 quantumcunque
1334 2034 1380 2069 sit
1403 2045 1526 2080 parva,
1546 2045 1612 2069 nec
1634 2034 1714 2070 sine
1734 2034 1893 2080 prosun-

610 2092 725 2126 ditate
751 2102 816 2127 sua
842 2095 967 2138 potest
989 2091 1107 2136 accipi
1133 2102 1199 2126 nec
1224 2090 1388 2136 intelligi,
1413 2097 1452 2126 et
1476 2091 1560 2126 ideo
1586 2102 1652 2126 nec
1685 2092 1790 2138 tangi
1819 2103 1889 2129 nec

609 2149 764 2185 alterari.
815 2148 890 2185 Sed
906 2148 967 2184 illa
983 2160 1078 2195 pars,
1095 2149 1180 2185 licet
1197 2149 1442 2194 quantitatem
1469 2148 1613 2192 habeat,
1630 2148 1668 2184 e't
1691 2149 1739 2185 sit
1764 2151 1889 2186 maxi·

610 2218 711 2243 mum
750 2207 850 2253 quod
885 2212 1007 2253 potest
1047 2207 1248 2242 secundum
1291 2212 1458 2243 naturam
1499 2207 1659 2252 recipere
1700 2208 1891 2244 actionem

609 2265 760 2311 agentis.
779 2269 903 2300 tamen
924 2263 1033 2300 valde
1058 2263 1243 2300 modicum
1269 2269 1324 2299 est
1349 2269 1386 2299 et
1413 2263 1629 2299 insensibile.
1682 2264 1887 2310 Postquam

610 2322 707 2357 enim
727 2333 842 2367 agens
864 2321 985 2368 tangit
1010 2322 1164 2368 patiens,
1182 2327 1219 2357 et
1240 2332 1313 2356 non
1336 2321 1456 2356 solum
1477 2320 1706 2367 superficiem
1726 2323 1886 2365 nudam,

609 2380 673 2415 sed
699 2379 956 2422 substantiam,
982 2379 1167 2415 mediante
1195 2379 1395 2425 superficie,
1420 2384 1458 2414 et
1485 2378 1575 2414 haec
1602 2379 1809 2415 substantia
1838 2381 1887 2416 sit

607 2448 749 2484 corpuS,
766 2441 1091 2482 quantumcunque
1113 2437 1160 2471 sit
1184 2448 1305 2483 parva,
1322 2442 1359 2472 et
1386 2436 1470 2472 ideo
1493 2436 1632 2472 habens
1648 2436 1887 2482 profundum,

607 2495 691 2531 dico
726 2495 828 2541 quod
862 2505 974 2539 agens
998 2494 1116 2540 tangit
1143 2493 1363 2540 profundum
1389 2494 1528 2539 primae
1553 2494 1667 2539 partis
1701 2501 1885 2540 quantum

607 2551 828 2593 sufficit‚nec
845 2556 992 2597 oportet
1013 2552 1113 2597 quod
1131 2552 1180 2586 sit
1198 2551 1234 2586 in
1252 2551 1315 2586 illo
1333 2551 1524 2596 profundo,
1541 2562 1659 2596 neque
1676 2553 1884 2588 secundum

607 2609 862 2651 substantiam,
889 2619 1009 2654 neque
1041 2608 1157 2645 aliter.
1208 2608 1258 2644 Et
1284 2609 1335 2643 sic
1361 2607 1402 2643 fit
1430 2614 1510 2644 tota
1537 2609 1635 2643 actio
1659 2615 1816 2644 naturae
1843 2616 1884 2646 et

606 2667 797 2712 generatio
808 2666 1003 2703 effectuum
1024 2666 1262 2708 naturalium
1279 2676 1345 2701 nec
1363 2666 1445 2712 plus
1464 2666 1662 2712 requiritur,
1673 2666 1738 2701 sed
1752 2677 1882 2704 verum

603 2723 784 2770 judicium
799 2736 808 2767 ;
833 2724 1001 2771 quamvis
1017 2723 1127 2760 falsae
1144 2723 1395 2770 imaginationi
1413 2723 1501 2759 nihil
1519 2723 1685 2759 sufficiat.

1059 2788 1070 2806 ¹
1087 2793 1211 2824 oportet,
1227 2789 1309 2824 Res„
1322 2788 1383 2824 sed,
1396 2788 1424 2823 J.
