2350 3580
1950 339 1976 572 ΙΙ

604 727 650 761 28
850 727 1023 761 OPERIS
1050 726 1260 766 MAJoRls
1287 726 1414 760 PARS
1440 726 1632 768 QUINTA.

603 822 755 854 naturae
779 824 816 852 et
841 817 974 853 coloris
999 816 1173 858 similiter,
1206 817 1274 852 nisi
1308 817 1407 863 quod
1434 816 1557 864 aliqua
1593 822 1648 853 est
1681 816 1809 853 sortior
1840 822 1884 855 et

604 875 727 921 aiiqua
752 874 915 910 debilior.
966 875 1068 922 Ergo
1094 875 1192 911 visus
1221 885 1365 921 semper
1384 875 1525 921 patitur
1550 875 1754 921 passionem
1779 886 1884 921 quae

605 938 661 969 est
679 932 726 969 de
746 943 880 980 genere
897 931 1041 974 doloris.
1061 932 1144 968 licet
1163 943 1236 968 non
1259 942 1402 979 semper
1425 931 1497 968 hoc
1518 931 1707 979 percipiat,
1727 934 1884 979 quando

604 990 742 1027 scilieet
766 991 903 1038 species
932 996 1019 1027 sunt
1052 995 1290 1038 temperatae.
1341 989 1416 1026 Sed
1449 990 1572 1037 passio
1604 990 1777 1026 dolorosa
1803 1000 1880 1027 non

605 1047 707 1083 fieret
732 1047 768 1084 in
793 1059 959 1094 corpore,
977 1048 1043 1084 nisi
1070 1048 1117 1083 sit
1141 1048 1236 1083 bene
1265 1048 1430 1088 densum,
1454 1047 1542 1093 quia
1566 1048 1596 1083 si
1623 1053 1718 1083 esset
1744 1047 1884 1084 nimiae

605 1106 777 1148 raritatis,
813 1117 886 1141 non
920 1111 1083 1141 maneret
1117 1106 1259 1152 species
1296 1110 1478 1151 quatenus
1516 1105 1698 1140 actionem
1742 1105 1883 1141 doloris

605 1168 730 1210 posset
747 1162 875 1200 facere.
926 1162 977 1199 Et
992 1162 1201 1210 superficies
1216 1162 1296 1208 ejus
1314 1169 1370 1198 est
1387 1173 1435 1198 ex
1452 1162 1578 1208 majori
1594 1163 1749 1208 sphaera
1765 1173 1880 1210 quam

605 1221 737 1257 humor
755 1221 901 1264 vitreus,
926 1226 966 1257 ut
992 1220 1201 1268 superficies
1225 1221 1304 1266 ejus
1331 1221 1379 1257 sit
1401 1219 1649 1265 aequidistans
1676 1219 1884 1266 superficiei

606 1279 775 1314 anteriori
800 1279 912 1321 visus,
937 1283 1119 1324 quatenus
1151 1279 1251 1314 idem
1288 1276 1448 1314 habeant
1481 1283 1661 1321 centrum,
1687 1279 1787 1324 quod
1823 1282 1883 1314 est

606 1341 771 1372 centrum
790 1336 903 1372 totius
919 1335 1013 1372 oculi
1032 1342 1068 1371 et
1091 1347 1247 1372 corneae
1268 1342 1305 1371 et
1332 1335 1494 1371 humoris
1523 1335 1707 1383 aihuginei
1734 1347 1831 1382 quae
1847 1335 1883 1372 ei

605 1393 852 1441 principaliter
877 1394 1085 1430 deserviunt
1119 1394 1164 1429 ad
1201 1399 1323 1430 actum
1354 1393 1514 1435 videndi,
1547 1399 1584 1428 et
1618 1393 1734 1440 magis
1766 1404 1883 1440 quam

607 1462 708 1486 uvea.
759 1451 810 1486 Et
828 1456 881 1486 est
906 1451 1114 1498 superficies
1137 1463 1202 1486 seu
1221 1452 1341 1497 portio
1366 1451 1558 1486 anterioris
1574 1451 1738 1496 glacialis
1757 1452 1884 1486 minus

607 1509 803 1544 medietate
820 1509 997 1554 sphaerae
1012 1520 1111 1548 suae.
1130 1521 1215 1544 narn
1234 1509 1339 1544 aliter
1356 1520 1428 1544 non
1445 1514 1657 1554 sequeretur
1672 1510 1773 1555 quod
1798 1509 1883 1555 ejus

605 1572 770 1602 centrum
788 1573 885 1602 esset
905 1566 1054 1603 interius
1072 1567 1108 1602 in
1127 1566 1312 1614 profundo
1330 1566 1435 1609 oculi,
1453 1573 1493 1603 ut
1516 1567 1747 1613 suppositum
1765 1573 1833 1604 est.

1071 1726 1325 1763 CAH-sumzu
1345 1725 1417 1762 111.

656 1816 715 1852 De
740 1816 1023 1864 proprietatibus
1057 1816 1172 1859 vitrei,
1196 1816 1304 1858 telae.
1327 1820 1366 1852 et
1400 1816 1498 1852 nervi
1530 1816 1693 1857 visibilis,
1718 1822 1755 1853 et
1790 1827 1884 1853 con·

606 1874 832 1911 solidativae.

423 1974 562 2017 vitfeom,
658 1969 806 2005 Humor
826 1979 912 2005 vero
936 1968 1071 2006 vitreus
1094 1974 1151 2006 est
1172 1969 1323 2016 spissior
1345 1968 1512 2006 anteriori
1536 1969 1689 2015 glaciali,
1707 1969 1885 2016 quoniam

422 2016 593 2074 2523?ng
608 2029 764 2071 oportet,
783 2025 883 2070 quod
906 2025 1044 2071 species
1065 2036 1161 2071 quae
1185 2036 1256 2060 non
1276 2031 1331 2060 est
1356 2024 1666 2072 perpendicularis
1692 2024 1887 2073 frangatur

608 2082 645 2117 in
670 2094 715 2118 eo
741 2082 832 2117 inter
857 2082 1196 2129 perpendicularem
1223 2082 1427 2118 ducendam
1454 2095 1476 2118 a
1503 2081 1585 2118 loco
1621 2081 1818 2125 fractionis,
1845 2088 1886 2118 et

610 2139 704 2176 inter
719 2140 899 2175 incessum
917 2146 1068 2183 rectum,
1088 2140 1136 2175 de
1157 2151 1230 2186 qua
1254 2138 1432 2176 fractione
1454 2140 1490 2175 in
1514 2146 1618 2187 parte
1641 2140 1886 2187 praecedente

608 2198 655 2233 de
681 2197 986 2243 multipiicatione
1011 2198 1101 2234 lucis
1130 2204 1188 2234 est
1212 2199 1301 2233 satis
1327 2198 1478 2234 dictum.
1532 2198 1581 2234 Et
1607 2198 1674 2234 nisi
1701 2199 1752 2234 sic
1778 2197 1886 2234 fieret

610 2255 739 2291 fractio
759 2267 946 2302 nunquam
963 2256 1199 2303 perficeretur
1214 2257 1316 2297 visio,
1332 2261 1372 2292 ut
1392 2256 1538 2292 inferius
1561 2262 1778 2302 exponetur.
1834 2256 1886 2292 Et

610 2319 666 2349 est
699 2313 799 2349 color
821 2314 928 2349 vitrei
963 2315 1079 2361 magis
1103 2315 1212 2350 albus
1236 2326 1347 2360 quam
1372 2316 1536 2361 sanguis,
1561 2321 1598 2350 et
1632 2315 1752 2350 minus
1776 2313 1887 2351 albus

608 2382 719 2418 quarn
739 2372 899 2407 anterior
914 2371 1088 2418 glacialis,
1101 2383 1196 2419 quae
1210 2379 1265 2409 est
1283 2373 1546 2408 nutrimentum
1561 2371 1652 2418 ejus,
1664 2377 1704 2407 ut
1715 2372 1886 2419 superius

608 2435 664 2464 est
689 2435 928 2474 praetactum.
981 2429 1031 2467 Et
1057 2435 1112 2467 est
1146 2430 1268 2476 portio
1301 2430 1450 2465 minoris
1483 2429 1669 2475 sphaerae,
1698 2434 1885 2475 quatenus

609 2492 774 2522 centrum
810 2487 988 2533 sphaerae
1029 2488 1107 2533 ejus
1148 2489 1196 2523 sit
1239 2489 1421 2524 diversum
1463 2500 1485 2524 a
1526 2494 1652 2524 centro
1692 2487 1887 2524 anterioris

609 2544 783 2591 glacialis,
801 2545 974 2591 quoniam
994 2545 1063 2582 hoc
1081 2557 1228 2582 necesse
1245 2551 1301 2581 est
1321 2552 1472 2593 propter
1494 2547 1708 2582 fractionem
1727 2556 1885 2591 praeno-

609 2608 735 2638 tatam.
788 2602 838 2638 Et
863 2602 941 2649 ejus
968 2603 1192 2639 nobilissima
1218 2604 1421 2650 proprietas
1450 2609 1507 2639 est
1532 2604 1632 2650 quod
1659 2613 1795 2646 sensus,
1820 2602 1886 2650 qui

609 2665 664 2696 est
686 2660 721 2696 iu
746 2661 914 2696 anteriori
939 2660 1090 2706 glaciali,
1110 2662 1343 2697 continuatur
1367 2661 1403 2697 in
1425 2672 1470 2696 eo
1494 2673 1561 2706 per
1583 2665 1703 2697 totum
1730 2671 1885 2696 nervum

609 2719 772 2764 optinum
808 2730 923 2764 usque
957 2719 1003 2754 ad
1043 2718 1212 2755 ultimum
1245 2720 1414 2763 sentiens,
1441 2720 1538 2764 quod
1565 2724 1622 2754 est
1649 2720 1685 2754 in
1709 2718 1885 2754 anteriori

609 2776 770 2820 cerebro,
803 2777 843 2812 ut
877 2776 965 2812 dicit
998 2775 1176 2813 Alhazen.
1241 2775 1585 2813 circumvolvuntur
1616 2789 1703 2812 vero
1736 2775 1774 2812 hi
1807 2775 1885 2813 duo

609 2834 781 2868 humores
810 2845 881 2870 una
908 2834 992 2875 teIa,
1014 2835 1188 2880 quoniam
1213 2834 1385 2871 humores
1402 2835 1467 2871 nisi
1495 2835 1743 2877 retinerentur,
1758 2832 1887 2881 aliquo

609 2891 772 2934 fluerent,
790 2897 826 2927 et
845 2903 919 2927 non
938 2898 1165 2928 remanerent
1181 2894 1379 2928 secundum
1399 2904 1507 2927 unam
1530 2892 1694 2938 figuram.
1746 2892 1796 2927 Et
1814 2891 1887 2928 ista

609 2950 685 2986 tela
710 2955 766 2986 est
788 2951 897 2986 valde
919 2962 1008 2995 rara,
1031 2956 1072 2986 ut
1094 2962 1165 2986 non
1190 2951 1350 2986 occultet
1376 2950 1523 2997 species,
1542 2956 1578 2986 et
1603 2955 1657 2986 est
1681 2948 1887 2997 sphaerica,
