2350 3580
626 505 695 540 524
930 496 1030 529 MUL
1036 495 1219 529 TIPLICA
1225 495 1254 527 T
1250 495 1302 528 10
1327 493 1615 528 SPECJERUM

628 585 828 622 subtilioris
859 591 897 621 et
930 586 1080 632 aptioris
1108 586 1155 621 ad
1183 584 1424 628 alterandum,
1451 589 1488 620 et
1513 577 1623 630 'quod
1650 588 1714 618 est
1739 581 1911 618 sufficiens

627 643 880 686 debilitationi,
904 644 992 690 quia
1016 643 1179 679 medium
1204 642 1419 678 naturaliter
1443 641 1590 685 resistit,
1617 641 1722 677 sieut
1751 640 1909 676 Albam

629 703 747 737 docet.
803 700 878 737 Sed
904 700 1115 747 hujusmodi
1145 700 1306 736 medium
1333 699 1480 746 majoris
1504 698 1733 744 aptitudinis
1759 704 1801 734 et
1824 697 1909 733 suffi-

629 758 755 794 cientis
773 758 1037 794 debilitationis
1053 757 1256 794 continuari
1274 758 1310 792 in
1334 756 1517 793 infinitum
1540 767 1618 792 non
1643 762 1704 792 est
1730 755 1908 802 possibile.

630 815 744 861 Quod
759 816 789 851 si
808 815 1089 856 continuaretur,
1107 814 1209 865 fieret
1226 815 1334 851 actio.
1384 813 1425 850 Si
1442 814 1587 850 dicatur
1603 813 1713 859 quod
1737 819 1831 849 tunc
1852 811 1909 848 erit

629 873 721 909 haec
744 873 885 919 species
908 873 1036 915 otiosa,
1053 873 1249 909 dicendum
1270 878 1327 908 est
1351 872 1453 918 quod
1475 883 1574 913 non;
1599 872 1696 918 quia
1717 877 1814 917 apta
1834 876 1909 906 nata

630 937 687 967 est
711 931 862 977 operari,
885 932 1054 977 quamvis
1078 942 1151 967 non
1180 936 1353 977 operetur
1376 936 1414 966 et
1437 931 1677 976 impediatur,
1702 927 1909 975 sicut¹1apis

630 999 774 1023 sursum
791 988 973 1030 detentus,
989 993 1054 1024 aut
1071 987 1195 1034 pluvia
1213 999 1279 1034 per
1291 987 1508 1023 densitatem
1526 987 1657 1022 medii.
1709 987 1804 1022 Non
1822 987 1908 1022 enim

629 1044 761 1080 dicitur
777 1056 834 1080 res
850 1045 981 1089 otiosa,
1002 1045 1070 1080 nisi
1088 1044 1238 1090 quando
1255 1052 1344 1090 apta
1361 1051 1448 1080 nata
1464 1050 1521 1079 est
1544 1044 1695 1089 operari
1713 1050 1757 1080 et
1778 1054 1854 1079 non
1868 1043 1908 1078 sit

630 1102 806 1149 impedita
823 1113 888 1148 per
904 1102 1015 1138 aliud.
1068 1102 1173 1139 Licet
1188 1103 1285 1138 enim
1303 1103 1416 1138 homo
1432 1113 1505 1138 non
1522 1102 1663 1143 videat,
1682 1113 1761 1138 non
1784 1102 1910 1138 dicitur

631 1160 772 1196 otiosus
788 1161 824 1195 in
839 1160 965 1196 vitium
981 1167 1142 1203 naturae,
1154 1160 1212 1196 vel
1230 1161 1313 1196 licet
1330 1172 1403 1196 non
1419 1156 1567 1206 se'mper
1579 1162 1616 1196 in
1636 1166 1725 1196 actu
1740 1159 1910 1205 suscipiat

632 1217 868 1263 disciplinam.
934 1218 1012 1255 Sed
1043 1223 1131 1254 tunc
1163 1224 1219 1255 est
1252 1218 1390 1266 aliquid
1423 1219 1592 1259 otiosum,
1623 1219 1800 1264 quando,
1833 1228 1909 1253 cum

632 1280 803 1311 teneatur
830 1282 868 1311 et
901 1277 1035 1312 debeat
1067 1277 1220 1322 operari,
1248 1288 1322 1312 non
1354 1282 1549 1322 operatur3
1587 1276 1656 1311 sed
1693 1287 1773 1312 non
1806 1274 1910 1311 debet

631 1334 775 1379 operari
801 1344 885 1369 curn
916 1334 1130 1379 prohibetur
1156 1345 1178 1369 a
1206 1345 1274 1369 sua
1303 1334 1525 1380 operatione,
1553 1339 1595 1369 ut
1624 1333 1726 1379 lapis
1761 1344 1837 1369 non
1861 1338 1910 1368 est

632 1390 770 1426 otiosus
795 1391 945 1436 quando
972 1391 1162 1437 projicitur
1185 1403 1330 1426 sursum
1354 1391 1414 1427 vel
1438 1391 1633 1434 detinetur,
1665 1402 1745 1426 non
1777 1390 1910 1426 habens

631 1448 882 1494 operationem
899 1460 1014 1484 suam.
1049 1448 1148 1495 Quia
1164 1449 1262 1484 enim
1272 1449 1388 1485 virtus
1403 1448 1579 1484 naturalis
1589 1454 1648 1484 est
1661 1448 1784 1484 virtus
1799 1448 1911 1488 finita,

633 1505 718 1540 ideo
736 1511 859 1552 potest
874 1506 924 1541 ab
940 1507 1153 1552 operatione
1171 1506 1354 1552 prohiberi
1371 1517 1435 1553 per
1452 1506 1667 1552 impediens.

447 1574 563 1602 Evenin
683 1562 734 1598 Et
759 1563 837 1608 jam
869 1563 954 1599 huic
984 1563 1207 1600 conclusioni
1235 1575 1422 1600 annexum
1449 1570 1516 1607 est,
1548 1557 1615 1600 an‘
1630 1564 1829 1609 quaelibet
1861 1575 1910 1598 res

444 1610 591 1675 {vffig‘ffie
634 1625 755 1666 potest
780 1620 953 1667 perficere
974 1621 1133 1670 speciem
1157 1633 1263 1658 suam
1288 1633 1354 1668 per
1376 1622 1503 1658 totum'
1522 1622 1687 1657 medium
1713 1623 1911 1668 quantum·

443 1692 493 1719 ny
503 1682 573 1710 does
633 1689 779 1724 cunque
815 1678 969 1714 finitum.
1031 1679 1081 1714 Et
1113 1680 1308 1715 dicendum
1346 1684 1402 1715 est
1433 1681 1533 1725 quod
1567 1690 1656 1715 non.
1724 1679 1829 1716 Nam
1861 1690 1913 1714 res

446 1718 618 1783 memmae
634 1735 763 1771 debilis
779 1736 923 1772 virtutis
941 1736 1029 1773 facit
1049 1737 1206 1783 speciem
1224 1737 1397 1780 debilem,
1412 1737 1496 1783 quia
1513 1737 1650 1773 invenit
1669 1737 1913 1773 resistentiam

447 1791 529 1819 lifflst·
633 1794 669 1828 in
688 1793 810 1830 medio
827 1794 1187 1841 improportionalem
1204 1795 1286 1831 sibi.
1338 1795 1502 1830 Medium
1525 1795 1622 1830 enim
1648 1794 1766 1841 hujus
1789 1795 1915 1831 mundi

634 1863 655 1887 e
684 1857 782 1887 terra
815 1863 929 1897 usque
963 1853 1010 1887 ad
1041 1852 1183 1888 coelum
1216 1852 1386 1888 ultimum
1414 1863 1487 1888 non
1513 1858 1658 1888 tantum
1695 1853 1915 1895 subtiliatur,

634 1915 814 1954 quantum
847 1910 1018 1947 continue
1054 1910 1267 1946 debilitatur
1307 1912 1446 1957 species
1487 1916 1554 1956 per'
1589 1910 1917 1958 multiplicationes

634 1966 878 2003 accidentales
903 1967 1075 2004 infinities
1099 1968 1267 2009 infinitas,
1284 1968 1457 2014 quoniam
1477 1969 1512 2004 in
1533 1968 1633 2003 omni
1658 1974 1805 2014 puncto
1831 1969 1916 2004 lucis

637 2023 728 2059 fiunt
747 2024 1065 2069 multiplicationes
1089 2026 1333 2062 accidentales
1357 2025 1528 2062 infinitae.
1580 2025 1668 2067 Sed,
1687 2026 1718 2061 si
1746 2028 1917 2072 aptitudo

637 2081 744 2116 medii
763 2092 828 2127 per
844 2082 1055 2118 continuam
1072 2083 1358 2119 subtiliationem
1376 2083 1553 2129 majorem
1566 2088 1603 2118 et
1614 2082 1798 2128 majorem
1816 2083 1916 2119 fieret

635 2150 656 2174 e
674 2144 769 2174 terra
783 2140 820 2174 in
833 2138 975 2175 coelum
987 2141 1190 2175 secundum
1203 2141 1476 2187 proportionem
1490 2140 1757 2176 debilitationis
1770 2142 1917 2188 speciei,

636 2197 730 2232 bene
757 2198 939 2233 accideret
964 2198 1065 2244 quod
1091 2197 1274 2244 quaelibet
1303 2209 1360 2233 res
1386 2209 1490 2234 suam
1518 2198 1679 2244 speciem
1712 2200 1916 2246 compleret

636 2265 750 2301 usque
767 2254 803 2289 in
827 2254 971 2290 coelum
994 2254 1190 2301 sphaerice.
1241 2255 1316 2291 Sed
1338 2267 1435 2291 nunc
1458 2267 1530 2291 non
1552 2262 1607 2291 est
1631 2256 1693 2291 ita.
1748 2257 1864 2303 Quod
1888 2258 1916 2292 si

635 2312 832 2357 objiciatur
853 2313 953 2358 quod
975 2324 1073 2358 quae
1093 2318 1150 2349 est
1173 2313 1360 2360 proportio
1384 2314 1528 2359 agentis
1551 2313 1655 2349 sortis
1678 2315 1730 2350 ad
1757 2315 1916 2362 speciem

637 2370 769 2405 sortem
789 2370 824 2405 in
843 2370 1017 2406 distantia
1033 2371 1132 2413 data,
1150 2372 1280 2407 eadem
1298 2377 1354 2406 est
1369 2371 1511 2417 agentis
1526 2371 1662 2407 debilis
1677 2373 1728 2407 ad
1754 2373 1917 2419 speciem

637 2427 797 2462 debilem
814 2427 850 2462 in
868 2428 997 2463 eadem
1023 2428 1220 2471 distantia;
1246 2428 1442 2464 dicendum
1468 2434 1524 2464 est
1544 2429 1646 2474 quod
1666 2429 1697 2464 si
1717 2430 1800 2465 sola
1821 2431 1916 2466 ratio

637 2485 831 2521 distantiae
844 2486 1139 2527 consideraretur,
1153 2496 1278 2521 verum
1293 2492 1390 2522 esset
1403 2499 1412 2528 3
1435 2486 1498 2521 sed
1512 2486 1610 2522 aliud
1627 2491 1683 2521 est
1696 2486 1916 2533 impediens,

637 2542 772 2578 scilicet
791 2542 993 2579 resistentia
1010 2543 1129 2585 medii,
1147 2555 1243 2590 quae
1262 2544 1417 2590 impedit
1441 2544 1599 2590 speciem
1621 2543 1783 2580 debilem
1808 2546 1918 2582 citius

637 2611 749 2646 quam
769 2600 908 2637 fortem.

687 2658 830 2693 Deinde
854 2658 884 2694 si
907 2659 1068 2704 spatium
1095 2665 1192 2695 esset
1216 2671 1372 2696 vacuum
1402 2660 1493 2696 infra
1521 2660 1676 2703 coelum,
1703 2671 1781 2697 non
1812 2661 1918 2698 fieret

639 2715 891 2762 multiplicatio
907 2717 1039 2763 speciei
1056 2717 1092 2752 in
1110 2728 1167 2753 eo.
1218 2718 1270 2753 Et
1286 2729 1379 2755 voco
1394 2729 1552 2754 vacuum
1575 2719 1678 2765 quod
1701 2718 1917 2767 philosophi
