2350 3580
443 2140 551 2185 tbongh
562 2139 610 2168 the

445 2184 513 2206 time
525 2185 553 2205 m

446 2222 524 2241 some
536 2222 612 2241 ene}

445 2250 618 2314 ‘¹2:²22‘ae

445 2295 598 2359 ξεῒωνω.

619 495 689 539 526
925 495 1025 530 MUL
1031 494 1215 530 TIPLICA
1220 494 1298 527 TIO
1324 494 1614 528 SPECIERUM

621 598 737 633 quare
761 592 802 622 ut
827 586 1023 630 concludit,
1039 591 1187 633 oportet
1212 585 1313 632 quod
1338 585 1474 631 speciei
1501 584 1784 631 multiplicatio
1807 584 1852 620 sit
1872 584 1900 619 in

622 651 802 691 tempore.
852 644 914 680 Ex
938 645 1099 690 septimo
1119 655 1207 680 vero
1231 642 1397 678 similiter
1421 642 1593 687 ejusdem
1620 642 1793 678 habetur
1814 642 1900 688 quod

622 703 728 737 citius
761 702 929 748 pervenit
963 701 1105 747 speeies
1143 700 1459 747 perpendicularis
1494 701 1543 736 ad
1589 701 1799 736 terminum
1829 711 1903 735 suae

624 759 935 806 multiplicationis
952 770 1065 805 quam
1082 759 1223 804 species
1237 757 1359 799 fracta.
1371 758 1524 803 quando
1535 759 1701 793 veniunt
1719 758 1772 794 ab
1787 758 1903 793 eodem

622 823 768 863 agente.
831 816 907 853 Sed
933 817 1039 852 citius
1064 822 1102 852 et
1127 816 1268 852 tardius
1292 827 1364 851 non
1388 821 1475 851 sunt
1501 816 1570 851 nisi
1597 816 1635 852 in
1666 821 1851 862 tempore,
1872 821 1904 849 ut

623 874 846 913 Aristoteles
877 874 969 911 dicit
997 880 1132 921 quarto
1167 873 1413 919 physicorum,
1442 880 1480 909 et
1509 879 1638 909 sexto.
1693 873 1796 909 Item
1821 873 1904 908 nulla

623 933 739 967 virtus
756 931 860 968 finita
873 932 886 953 ¹
904 932 980 978 agit
997 932 1034 967 in
1051 931 1212 974 instanti,
1229 936 1269 966 ut
1286 931 1442 967 habetur
1464 941 1514 965 ex
1533 937 1651 967 sexto
1670 931 1904 976 physicorum

626 988 849 1032 Aristotelis,
873 989 962 1035 quia
985 995 1074 1025 tunc
1096 989 1214 1034 major
1230 989 1345 1025 virtus
1364 994 1490 1035 ageret
1512 988 1550 1024 in
1573 989 1718 1024 minori
1743 1000 1856 1035 quam
1876 988 1904 1023 in

624 1047 783 1090 instanti,
802 1052 840 1082 et
865 1052 954 1083 tunc
969 1047 1085 1083 virtus
1110 1046 1213 1082 finita
1237 1053 1276 1082 et
1301 1046 1442 1082 infinita
1465 1053 1728 1092 aequarentur
1750 1047 1788 1082 in
1813 1046 1907 1082 dura-

625 1105 728 1140 tione
739 1104 906 1140 actionis.
919 1110 960 1140 ut
977 1104 1134 1139 habetur
1150 1104 1187 1139 in
1204 1103 1278 1139 fine
1294 1104 1413 1139 octavi
1433 1103 1693 1149 physicorum.
1704 1105 1799 1150 quia
1808 1104 1908 1139 virtus

626 1162 768 1198 infinita
792 1162 872 1208 agit
896 1162 933 1197 in
959 1162 1123 1197 instanti.
1174 1160 1250 1197 Sed
1274 1161 1405 1208 speciei
1430 1168 1487 1197 est
1512 1162 1635 1198 virtus
1661 1161 1784 1205 finita,
1808 1172 1908 1208 quase

625 1230 700 1255 non
735 1219 814 1266 agit
847 1220 884 1254 in
919 1219 1080 1255 instanti.
1132 1219 1229 1255 Item
1260 1230 1357 1265 quae
1389 1223 1445 1254 est
1478 1220 1679 1265 proportio
1710 1220 1843 1266 puncti
1867 1218 1906 1254 ad

627 1277 772 1318 lineam,
797 1283 854 1312 est
878 1277 1050 1312 instantis
1073 1277 1122 1312 ad
1143 1282 1313 1322 tempus;
1338 1288 1426 1322 ergo
1452 1278 1710 1322 permutatim,
1738 1288 1838 1323 quae
1861 1281 1908 1312 est

627 1335 753 1381 puncti
781 1335 829 1370 ad
858 1335 1009 1376 instans,
1037 1339 1093 1370 est
1124 1334 1242 1370 lineae
1275 1335 1323 1370 ad
1362 1340 1530 1380 tempus;
1565 1335 1635 1370 sed
1672 1335 1909 1380 pertransitus

627 1392 754 1438 puncti
788 1396 844 1435 est
883 1392 920 1427 in
955 1392 1119 1435 instanti,
1152 1403 1240 1438 ergo
1274 1397 1312 1427 et
1344 1391 1453 1438 spatii
1486 1391 1637 1427 linearis
1672 1393 1710 1427 in
1739 1399 1907 1438 tempore.

629 1450 724 1485 Item
760 1450 862 1496 prius
902 1455 942 1485 et
982 1450 1163 1495 posterius
1205 1450 1242 1484 in
1282 1450 1405 1495 spatio
1445 1455 1530 1485 sunt
1562 1460 1680 1485 causa
1715 1450 1851 1496 prioris
1877 1453 1908 1484 et

627 1508 841 1554 posterioris
871 1507 906 1541 in
932 1506 1172 1543 translatione
1204 1507 1313 1552 spatii
1345 1512 1383 1542 et
1417 1506 1453 1542 in
1487 1507 1698 1542 duratione.
1732 1514 1773 1543 et
1808 1508 1857 1542 ita
1878 1507 1907 1541 in

627 1571 804 1611 tempore,
830 1570 871 1600 ut
897 1565 1055 1600 habetur
1079 1566 1116 1600 in
1142 1570 1277 1610 quarto
1302 1564 1561 1610 Physicorum:
1599 1576 1696 1612 ergo
1723 1565 1908 1601 translatio

629 1623 762 1669 speciei
789 1623 993 1658 secundum
1025 1623 1128 1668 prius
1159 1628 1197 1657 et
1232 1622 1414 1668 posterius
1452 1622 1561 1668 spatii
1595 1622 1714 1658 habet
1748 1624 1850 1669 prius
1876 1627 1907 1663 et

630 1680 814 1727 posterius
836 1680 874 1714 in
894 1680 1089 1716 duratione
1109 1686 1148 1716 et
1172 1681 1223 1715 ita
1244 1680 1280 1716 in
1304 1685 1479 1726 tempore.
1531 1679 1627 1715 Item
1654 1670 1913 1727 multiplicatio

631 1738 763 1784 speciei
788 1749 860 1773 non
886 1738 1070 1783 dependet
1091 1737 1139 1773 ab
1161 1736 1234 1773 alio
1257 1743 1373 1772 motu.
1424 1737 1587 1772 Ponatur
1605 1748 1699 1783 ergo
1720 1740 1827 1784 quod
1845 1748 1907 1773 non

630 1796 680 1831 sit
707 1796 800 1830 alius
828 1801 959 1831 motus.
1012 1794 1052 1831 Si
1082 1806 1172 1841 ergo
1200 1795 1408 1839 hujusmodi
1440 1801 1563 1829 motus
1591 1806 1667 1831 non
1694 1801 1753 1831 est
1787 1803 1909 1836 motus.

631 1858 779 1898 tempus
796 1863 869 1888 non
887 1858 944 1888 est
961 1857 1119 1898 tempus,
1134 1852 1223 1896 quia
1239 1857 1387 1896 tempus
1404 1862 1476 1886 non
1499 1857 1556 1887 est
1574 1852 1655 1887 sine
1677 1860 1800 1888 motu.
1842 1851 1909 1888 Sed

632 1910 773 1945 instans
800 1921 873 1945 non
904 1914 959 1944 est
988 1909 1067 1944 sine
1093 1914 1269 1955 tempore,
1292 1910 1385 1944 sicut
1413 1919 1479 1944 nec
1507 1914 1669 1954 punctus
1693 1910 1777 1946 sine
1802 1909 1910 1950 linea;

632 1978 720 2013 ergo
749 1967 944 2003 translatio
972 1967 1107 2013 speciei
1142 1967 1176 2001 in
1211 1967 1402 2012 quantum·
1419 1966 1630 2012 hujusmodi
1667 1978 1743 2002 non
1780 1968 1848 2003 erit
1879 1967 1909 2002 in

633 2029 799 2071 tempore
824 2035 892 2060 nec
917 2024 953 2059 in
978 2024 1159 2067 instante;
1196 2028 1260 2059 aut
1285 2029 1432 2069 oportet
1458 2024 1597 2059 instans
1622 2034 1736 2069 posse
1763 2023 1911 2069 intelligi

631 2082 712 2118 sine
729 2087 909 2128 tempore,
926 2082 1027 2128 quod
1044 2092 1123 2117 esse
1142 2092 1215 2116 non
1232 2086 1364 2128 potest.

683 2138 721 2175 Si
738 2150 825 2174 vero
847 2139 1052 2184 objiciatur,
1069 2139 1170 2184 quod
1198 2138 1304 2174 multi
1327 2143 1494 2175 auctores
1518 2137 1645 2173 dicunt
1663 2140 1769 2184 quod
1797 2139 1912 2174 multi-

634 2197 784 2244 plicatio
812 2196 946 2241 speciei
974 2195 1065 2231 lucis
1095 2202 1151 2231 est
1177 2197 1312 2238 subito,
1341 2200 1382 2230 ut
1412 2195 1595 2234 Averroes
1627 2201 1665 2231 et
1703 2195 1851 2232 Seneca
1881 2195 1913 2230 in

635 2253 887 2296 Naturalibus,
914 2259 950 2288 et
977 2254 1037 2289 alii
1066 2253 1214 2295 dicunt3
1249 2253 1445 2289 dicendum
1473 2260 1542 2295 est,
1567 2253 1670 2299 quod
1702 2254 1833 2289 subito
1861 2253 1914 2289 hic

634 2311 792 2346 sumitur
818 2322 886 2356 pro
912 2316 1079 2356 tempore
1107 2310 1315 2352 insensibili,
1341 2316 1379 2346 et
1404 2310 1568 2346 similiter
1594 2310 1749 2352 instans.
1777 2312 1815 2346 in
1846 2321 1916 2357 quo

634 2369 764 2404 dicunt
793 2368 869 2404 fieri
896 2368 1109 2413 hujusmodi
1134 2368 1376 2404 diffusionem.
1427 2366 1540 2414 Quod
1569 2379 1657 2403 vero
1691 2368 1916 2405 Aristoteles

634 2426 725 2461 dicit
743 2426 904 2462 secundo
922 2426 969 2461 de
979 2426 1129 2470 Anima,
1138 2426 1237 2471 quod
1256 2426 1291 2460 in
1311 2436 1425 2471 parvo
1442 2425 1564 2472 spatio
1574 2425 1694 2472 possit
1709 2436 1778 2461 nos
1797 2431 1917 2461 motus

633 2481 725 2516 lucis
749 2480 875 2523 latere,
898 2481 962 2516 sed
986 2481 1023 2516 in
1046 2491 1191 2527 magno,
1217 2481 1313 2516 sicut
1338 2486 1393 2516 oet
1422 2480 1470 2515 ab
1494 2480 1637 2516 oriente
1667 2480 1705 2515 in
1733 2481 1918 2521 occidens,

636 2550 709 2573 non
734 2544 790 2574 est
814 2538 884 2574 hoc
909 2538 1094 2584 possibile,
1114 2545 1153 2575 et
1177 2539 1229 2574 ita
1253 2549 1326 2573 non
1354 2537 1419 2574 fiet
1442 2537 1491 2572 ab
1516 2537 1658 2573 oriente
1680 2537 1719 2572 in
1745 2539 1919 2573 occidens

635 2596 896 2631 insensibiliter
912 2601 949 2631 et
967 2596 1314 2642 imperceptibiliter,
1331 2596 1395 2631 sed
1414 2595 1449 2631 in
1471 2601 1637 2641 tempore
1661 2596 1920 2642 perceptibili;

674 2680 679 2694 ¹
699 2680 770 2708 This
790 2680 901 2714 subject
921 2680 946 2707 is
967 2681 1117 2708 diseussed
1134 2681 1165 2708 in
1183 2680 1250 2708 Nar.
1262 2680 1402 2713 Aua-ult,
1416 2680 1464 2707 lib.
1486 2680 1522 2706 vi.
1542 2687 1603 2714 etp.
1624 2687 1651 2713 7,
1670 2680 1730 2707 and
1750 2681 1782 2708 in
1801 2681 1852 2708 lib.
1864 2681 1921 2708 viii.

636 2731 696 2758 cap.
715 2732 758 2752 10.
797 2723 880 2751 with
894 2724 952 2752 this
965 2724 1085 2759 chapter
1095 2724 1201 2751 should
1213 2724 1249 2751 be
1262 2724 1416 2758 compared
1427 2722 1605 2758 Pmpeasu.
1619 2731 1669 2758 pp.
1682 2723 1787 2758 68-74.
