2350 3580
373 339 1978 599 -

1494 447 1497 459 ι

1494 548 1496 555 v

589 726 951 764 PERSPECTIVAE
974 726 1104 762 PARS
1130 727 1286 761 PRIMA
1298 738 1312 760 .-
1349 727 1471 762 Dtsr.
1497 727 1565 762 111.
1683 736 1728 771 19

448 819 637 867 portiones
658 819 898 867 sphaerarum
921 818 1159 859 diversarum.
1175 822 1216 855 et
1237 818 1321 856 ideo
1345 829 1431 856 cum
1454 817 1529 855 hae
1550 817 1729 866 sphaerae

448 882 576 915 secent
590 889 641 921 se,
659 882 805 924 oportet
821 877 921 924 quod
938 877 1103 915 habeant
1118 877 1264 913 diversa
1279 882 1414 915 centra.
1465 877 1518 914 Et
1532 887 1618 915 cum
1637 887 1727 915 con-

448 934 588 972 cavitas
603 935 710 972 vitrei
732 935 780 971 sit
795 946 921 971 versus
939 933 1143 981 glacialem,
1159 940 1250 971 tunc
1268 935 1347 981 ejus
1365 938 1533 971 nentrum
1555 940 1614 971 est
1630 932 1729 971 ultra

449 997 619 1029 centrum
639 991 737 1028 oculi
752 1003 879 1029 versus
901 992 1061 1028 anterius
1081 991 1192 1028 oculi.
1243 989 1423 1029 Similiter
1436 998 1604 1030 centrum
1626 998 1729 1029 ante-

448 1049 555 1087 rioris
570 1049 737 1098 glacialis
756 1055 815 1086 est
836 1050 872 1087 in
890 1049 1072 1098 profundo
1088 1049 1195 1087 oculi.
1245 1049 1343 1087 Sunt
1365 1055 1491 1088 tamen
1510 1049 1583 1087 isra
1604 1055 1729 1087 centra

448 1118 560 1154 super
579 1108 738 1144 eandem
763 1107 897 1144 lineam
923 1110 1062 1144 rectam
1081 1118 1179 1153 quae
1202 1107 1316 1144 intrat
1338 1119 1405 1154 per
1423 1107 1588 1144 foramen
1613 1119 1729 1145 uvene

449 1153 641 1201 antestetis
666 1169 706 1202 et
729 1175 796 1212 per
817 1164 983 1201 foramen
1005 1164 1105 1212 quod
1132 1170 1190 1201 est
1213 1164 1251 1201 in
1276 1163 1512 1202 extremitate
1536 1164 1645 1210 nervi,
1664 1164 1729 1202 ubi

448 1222 579 1270 incipit
607 1222 725 1259 retina
752 1222 930 1269 expandi.
981 1221 1147 1270 Corpora
1175 1222 1274 1259 enim
1302 1223 1396 1260 haec
1423 1222 1476 1260 sic
1503 1223 1730 1269 ordinantur,

449 1280 652 1316 seeundum
681 1285 852 1316 auctores
882 1280 1150 1327 Perspectivae,
1172 1279 1347 1316 videlicet
1370 1281 1472 1328 quod
1501 1291 1524 1316 a
1552 1280 1729 1318 foramine

450 1336 553 1379 ossis.
568 1338 631 1373 ubi
648 1339 759 1374 intrat
779 1349 921 1382 nervus,
933 1338 1148 1374 extenditur
1162 1349 1294 1374 nervus
1310 1349 1376 1385 per
1392 1337 1538 1385 aliquod
1556 1339 1729 1386 spatium.

452 1400 490 1431 et
506 1405 650 1442 semper
664 1394 781 1442 magis
797 1394 983 1440 dilatatur,
994 1389 1188 1442 quousque
1199 1394 1324 1432 veniat
1340 1395 1388 1432 ad
1401 1395 1729 1433 circumferentiam

450 1452 630 1499 sphaerae
657 1452 774 1489 totius
799 1452 974 1500 glacialis,
994 1457 1033 1490 et
1059 1453 1310 1490 consolidatur
1332 1464 1419 1490 cum
1442 1453 1732 1491 circumferentia

453 1510 541 1556 ejus.
594 1510 646 1546 Et
669 1514 759 1546 tunc
788 1521 899 1557 super
922 1511 1196 1547 extremitatem
1225 1511 1325 1547 nervi
1352 1511 1587 1558 componitur
1607 1515 1729 1547 totum

451 1567 617 1614 glaciale,
633 1572 671 1604 et
692 1567 904 1604 continetur
923 1567 960 1604 in
982 1567 1140 1605 inferiori
1163 1573 1270 1615 parte
1293 1578 1419 1612 uvae,
1434 1567 1536 1616 quod
1560 1568 1730 1605 Alhazen

452 1630 560 1662 vocat
578 1630 755 1672 punctum
772 1625 1008 1663 concavitatis
1026 1637 1150 1669 uveae,
1166 1626 1204 1663 in
1223 1625 1327 1672 cujus
1342 1625 1474 1663 ultimo
1494 1632 1551 1663 est
1568 1626 1732 1663 foramen

453 1683 554 1729 quod
568 1688 625 1721 est
637 1683 855 1721 extremitas
866 1684 978 1728 nervi,
992 1683 1053 1719 ubi
1065 1683 1192 1730 incipit
1204 1695 1308 1721 uvea.
1350 1682 1425 1721 Sed
1440 1683 1604 1721 medium
1617 1684 1733 1722 totius

453 1741 626 1788 glacialis,
641 1741 779 1777 scilicet
799 1741 932 1777 humor
946 1741 1093 1784 vitreus,
1110 1747 1168 1778 eat
1182 1741 1221 1778 in
1236 1741 1376 1778 orificio
1393 1741 1590 1778 fomnfinis.
1630 1742 1731 1778 Nam

453 1798 670 1835 extremitas
685 1798 786 1834 nervi
802 1798 966 1835 continet
982 1798 1143 1834 medium
1168 1798 1346 1846 sphaerae
1366 1798 1481 1836 totius
1502 1798 1674 1846 glacialis,
1688 1804 1734 1836 ut

453 1856 544 1892 dicit
559 1855 740 1899 Alhazen,
756 1856 857 1903 quod
880 1856 1044 1893 medium
1068 1860 1125 1892 est
1146 1856 1282 1893 humor
1296 1857 1457 1899 vitreus3
1480 1860 1518 1893 et
1534 1867 1628 1893 uvea
1644 1867 1731 1894 con·

453 1913 635 1949 solidatur
659 1925 744 1948 cum
773 1913 1064 1950 circumferentia
1092 1914 1272 1960 sphaerae
1299 1913 1472 1961 glacialis.
1523 1913 1574 1950 Et
1600 1914 1734 1950 humor

454 1969 672 2016 albugineus
701 1976 897 2008 contentus
923 1971 960 2007 in
990 1983 1084 2008 uvea
1111 1971 1294 2018 contingit
1321 1970 1514 2018 sphaeram
1543 1971 1734 2008 anterioris

454 2027 630 2074 glacialis,
644 2034 684 2065 et
706 2027 767 2065 ille
785 2029 903 2076 replet
927 2028 1090 2066 foramen
1117 2039 1234 2076 usque
1259 2029 1306 2065 ad
1330 2034 1543 2066 contactum
1567 2039 1733 2072 corneae,

454 2097 528 2122 non
546 2086 648 2132 quod
664 2086 850 2133 contingat
867 2097 1037 2122 corneam
1053 2087 1090 2122 in
1109 2091 1261 2134 puncto,
1276 2086 1343 2122 sed
1363 2097 1430 2134 per
1450 2086 1734 2134 applicationem

454 2141 741 2189 superficierum,
766 2144 859 2180 sicut
881 2142 1039 2191 sphaera
1069 2144 1219 2180 interior
1245 2143 1454 2180 continetur
1478 2144 1527 2180 ab
1547 2144 1734 2180 exteriori.

456 2199 644 2247 Quoniam
668 2207 792 2237 autem
820 2200 1030 2248 superficies
1060 2212 1228 2238 convexa
1253 2211 1406 2238 corneae
1434 2207 1490 2238 est
1518 2201 1734 2238 continuata

455 2270 541 2294 cum
559 2258 751 2306 superficie
768 2259 883 2294 totius
899 2259 1054 2302 ocultet
1072 2270 1157 2295 curn
1168 2264 1253 2296 toto
1269 2258 1389 2302 oculo,
1396 2262 1441 2295 ut
1452 2259 1543 2296 dicit
1554 2259 1735 2302 Alhazen.

455 2321 602 2364 oportet
619 2317 720 2363 quod
737 2317 901 2352 habeant
918 2316 1014 2352 idem
1032 2322 1212 2353 centrum.
1264 2316 1315 2353 Et
1331 2316 1507 2363 quoniam
1523 2315 1735 2362 superficie·

455 2383 611 2410 oorneae
621 2384 783 2410 concava
795 2374 1126 2421 &aequidistans
1138 2372 1342 2422 superficiei
1351 2372 1523 2410 exteriori
1534 2384 1735 2419 convexae,

457 2437 605 2479 oportet
636 2431 738 2478 quod
781 2437 938 2478 utraque
972 2432 1183 2478 superficies
1214 2442 1372 2468 corneae
1403 2437 1441 2468 et
1471 2431 1601 2468 oculus
1632 2437 1736 2469 totus

455 2488 618 2525 habeant
647 2489 745 2527 idem
779 2493 954 2533 centrum,
984 2500 1051 2535 per
1079 2488 1213 2525 librum
1239 2488 1441 2524 Theodosii
1469 2489 1518 2524 de
1550 2488 1735 2534 ephaerin

456 2547 637 2594 sphaerae
652 2547 749 2583 enirn
766 2547 1057 2593 aequidistantes
1072 2547 1303 2583 continentes
1319 2557 1368 2590 se,
1385 2557 1458 2582 una
1482 2547 1675 2582 continens
1696 2550 1736 2584 et

456 2603 530 2640 alia
546 2609 732 2649 contenta,
746 2604 886 2640 habent
906 2604 1003 2640 idern
1018 2609 1203 2649 centrum,
1221 2609 1264 2640 ut
1285 2603 1463 2650 sphaerae
1484 2603 1624 2646 mundi,
1641 2602 1736 2640 sicut

457 2662 601 2698 coelum
617 2661 818 2702 stellatum,
837 2666 876 2699 ct
897 2661 1053 2709 sphaera
1074 2662 1181 2709 ignis,
1195 2660 1363 2698 similiter
1385 2661 1421 2697 in
1443 2660 1546 2697 aliis:
1569 2666 1735 2698 centrum

456 2720 555 2755 enim
593 2720 719 2756 mundi
756 2724 812 2755 est
845 2725 1008 2755 centrum
1042 2720 1219 2755 omnium.
1285 2718 1335 2755 Et
1368 2719 1543 2765 quoniam
1576 2729 1738 2755 concava

456 2775 667 2824 superficies
688 2789 855 2822 corneae,
870 2783 909 2814 et
930 2788 1098 2814 convexa.
1120 2774 1331 2822 superficies
1353 2775 1516 2812 humori:
1538 2775 1736 2822 albugini,

457 2834 522 2882 qui
548 2839 606 2871 est
629 2834 666 2871 in
692 2833 871 2871 foramine
893 2840 982 2872 sunt
1008 2834 1104 2871 sicut
1132 2833 1290 2880 sphaera
1319 2833 1467 2868 interior
1498 2837 1537 2869 et
1565 2833 1734 2876 exterior,

458 2895 607 2940 oportet
635 2892 735 2938 quod
765 2902 930 2928 convexa
960 2891 1168 2937 superficies
1194 2890 1356 2926 humoris
1387 2888 1571 2936 albuginei
1599 2888 1735 2927 habnt

457 2953 624 2986 oenuum
646 2947 745 2985 idem
768 2959 850 2984 cum
875 2947 1084 2996 praedictis.
1133 2946 1210 2984 Sed
1234 2946 1321 2994 quia
1345 2945 1555 2995 superficies
1575 2957 1736 2985 concava

461 3043 624 3071 autumn
