2350 3580
638 697 706 733 450
931 688 1032 722 MUL
1038 687 1220 721 TJPLJCA
1226 688 1256 720 T
1251 688 1304 721 10
1329 687 1612 722 ΒΡΕΕἹΕΚΠΜ.

454 783 548 811 action
561 783 595 810 or
639 779 840 826 corporalia
868 783 1023 826 possunt
1047 778 1233 825 complere
1256 789 1343 814 suas
1372 778 1513 824 speeies
1527 779 1571 813 in
1594 777 1821 825 patientibus
1844 787 1912 812 ex-

453 819 558 883 22:¹²¹&
570 819 619 883 ξπ.
639 837 802 872 trinsecis
819 847 912 882 quae
930 838 980 872 ab
997 837 1048 872 eis
1065 842 1279 882 tanguntur,
1299 840 1339 871 ut
1360 836 1494 871 tollant
1516 840 1685 871 naturam
1703 832 1912 881 specificam

454 895 484 918 ¹⁰
496 899 570 919 ‘⁰¹¹¹-
639 895 823 940 patientis,
840 900 879 930 et
903 895 1040 930 saciant
1063 892 1216 929 effectus
1240 892 1443 939 completos
1462 892 1601 929 similes
1623 892 1676 929 eis
1701 892 1851 928 nomine
1874 897 1912 928 et

453 927 567 963 pletioa.
638 951 862 988 definitione.
914 951 966 988 Et
989 952 1125 988 scimus
1150 951 1251 997 quod
1276 950 1325 986 de
1350 950 1623 997 complemento
1644 950 1804 986 universi
1825 955 1912 984 sunt

637 1009 858 1056 generabilia
880 1014 917 1045 et
934 1008 1193 1054 corruptibilia.
1245 1007 1285 1043 Si
1308 1009 1405 1043 enim
1426 1009 1548 1043 omnia
1573 1012 1694 1044 essent
1718 1008 1912 1052 ingenera-

636 1067 724 1103 bilia
740 1073 777 1103 et
803 1067 1099 1113 incorruptibilia.
1114 1058 1188 1102 non
1216 1070 1339 1102 essent
1363 1066 1429 1100 nisi
1452 1066 1627 1111 sphaerae
1645 1066 1911 1101 elementorum

637 1129 675 1160 et
692 1125 866 1160 coelestia
882 1131 919 1160 et
938 1125 1143 1161 substantia
1159 1123 1367 1169 spiritualis,
1385 1128 1423 1158 et
1440 1123 1492 1158 ita
1510 1123 1632 1159 omnia
1649 1123 1721 1159 alia
1741 1123 1911 1159 deessent

637 1183 786 1224 mundo.
821 1183 921 1228 quod
963 1181 1223 1218 inconveniens
1263 1186 1371 1217 esset.
1437 1179 1512 1217 Sed
1546 1191 1629 1217 curn
1665 1181 1824 1217 mundus
1864 1180 1911 1214 sit

637 1239 847 1284 sphaericae
879 1240 1017 1286 figurae
1053 1244 1204 1285 propter
1237 1239 1396 1274 rationes
1436 1239 1613 1284 proprias,
1645 1249 1743 1284 quae
1778 1242 1910 1284 postea

636 1296 863 1332 inducendae
880 1302 965 1332 sunt
977 1307 1045 1331 suo
1062 1295 1157 1340 loco,
1170 1307 1265 1331 nunc
1283 1307 1355 1332 una
1372 1302 1427 1332 est
1444 1295 1646 1332 necessaria
1658 1295 1707 1331 ad
1725 1306 1910 1342 praesens,

632 1354 803 1390 videlicet
837 1354 934 1400 quod
968 1353 1179 1400 sphaericae
1208 1353 1344 1399 figurae
1369 1364 1450 1390 esse
1474 1353 1596 1395 debet,
1625 1360 1666 1389 ut
1696 1353 1860 1400 undique
1888 1364 1911 1389 e

633 1412 798 1457 partibus
832 1411 1010 1458 sphaerae
1044 1411 1233 1447 confluant
1265 1412 1421 1446 virtutes
1450 1411 1634 1446 coelorum
1669 1411 1707 1446 in
1739 1416 1907 1447 centrum

632 1469 739 1513 hujus
772 1469 946 1515 sphaerae
979 1470 1077 1514 quod
1112 1474 1169 1504 est
1203 1468 1305 1504 locus
1339 1469 1592 1514 generationis.
1643 1467 1695 1504 Et
1728 1469 1820 1504 haec
1851 1473 1907 1503 est

630 1531 737 1569 terra,
752 1537 847 1572 quae
863 1532 919 1562 est
937 1525 1037 1562 locus
1056 1526 1248 1562 mixtionis
1270 1532 1307 1562 et
1323 1526 1570 1572 generationis
1592 1533 1630 1562 et
1652 1525 1907 1572 corruptionis.

448 1588 617 1618 'lhemoton
680 1583 730 1618 Et
757 1584 839 1618 ideo
861 1584 1059 1629 superiora,
1077 1589 1117 1618 ut
1141 1583 1323 1626 coelestia,
1341 1590 1425 1618 sunt
1452 1583 1709 1630 ingenerabilia
1729 1589 1767 1619 et
1789 1584 1907 1619 incor-

445 1625 577 1698 ζὲῗὲιῌ
630 1641 815 1686 nuptibilia
852 1641 1052 1676 secundum
1088 1641 1256 1676 ordinem
1292 1641 1458 1684 universi,
1496 1647 1534 1676 et
1567 1642 1652 1686 quia
1689 1642 1907 1676 continuant

444 1697 617 1742 sphem'not
630 1698 901 1744 generationem
928 1705 965 1734 et
992 1699 1263 1744 corruptionem
1296 1698 1330 1734 in
1359 1698 1416 1733 his
1447 1698 1685 1734 inferioribus.
1745 1697 1907 1745 Quando

444 1734 606 1798 ffiffibh
628 1766 715 1791 vero
744 1761 890 1803 oportet
914 1756 1014 1801 quod
1045 1762 1263 1792 moveantur
1288 1762 1439 1800 propter
1461 1756 1735 1800 generationem
1765 1763 1803 1791 et
1827 1767 1907 1791 cor-

443 1806 560 1843 ‹eh-nge.
628 1813 846 1858 ruptionem.
881 1813 967 1858 quia
1003 1819 1123 1849 motus
1159 1813 1311 1848 adducit
1350 1825 1538 1858 generans,
1576 1814 1612 1848 id
1648 1819 1716 1854 est,
1749 1813 1905 1855 stellam,

628 1875 669 1906 ut
686 1871 906 1907 Aristoteles
930 1872 1020 1907 dicit
1043 1871 1079 1906 in
1100 1871 1170 1906 fine
1192 1871 1241 1906 de
1259 1870 1514 1915 (iactatione,
1530 1877 1566 1906 et
1589 1869 1843 1917 exemplificat
1865 1872 1903 1906 in

627 1928 779 1974 obliquo
792 1929 928 1965 circulo
943 1927 1041 1973 solis,
1054 1928 1091 1964 in
1108 1939 1184 1973 quo
1203 1934 1370 1964 movetur
1383 1939 1447 1974 per
1458 1939 1645 1964 accessum
1665 1935 1703 1965 et
1719 1939 1904 1965 recessum

627 1991 795 2032 respectu
826 1986 1013 2022 elimatum
1043 1991 1079 2020 et
1110 1986 1314 2031 regionum
1342 1987 1425 2020 ideo
1455 1991 1603 2031 oportet
1632 1986 1709 2023 dari
1740 1992 1904 2023 motor-es

627 2044 819 2079 continuos
843 2049 1008 2078 motuum
1032 2043 1259 2078 coelestium.
1312 2043 1387 2078 Sed
1414 2055 1496 2078 cum
1523 2044 1583 2079 hic
1607 2050 1729 2079 motus
1754 2056 1828 2080 non
1855 2045 1903 2080 sit

626 2100 810 2144 naturalis,
828 2112 872 2136 eo
890 2100 988 2146 quod
1012 2111 1085 2136 non
1105 2106 1161 2136 est
1185 2113 1209 2136 a
1232 2101 1414 2136 contrario
1439 2101 1476 2136 in
1501 2101 1734 2145 contrarium,
1752 2108 1904 2148 propter

626 2157 914 2193 uniformitatem
943 2158 1094 2193 orientis
1123 2165 1160 2193 et
1191 2159 1392 2193 occidentis
1421 2163 1458 2193 et
1487 2163 1712 2193 caeterarum
1740 2159 1900 2206 partium

625 2215 717 2250 coeli
744 2216 780 2250 in
803 2216 937 2261 quibus
962 2227 1037 2250 non
1061 2221 1117 2250 est
1143 2217 1394 2259 contrarietas,
1416 2221 1564 2260 oportet
1589 2217 1689 2260 quod
1715 2217 1753 2252 hi
1780 2222 1903 2253 motus

625 2273 697 2308 sint
720 2273 926 2315 voluntarii,
952 2279 990 2309 et
1017 2273 1099 2308 ideo
1128 2286 1151 2309 a
1179 2273 1396 2308 substantiis
1423 2272 1645 2308 habentibus
1669 2274 1899 2310 voluntatem

623 2330 681 2364 vel
712 2331 903 2374 rationem,
932 2330 1139 2376 cujusmodi
1172 2336 1259 2366 sunt
1290 2329 1563 2376 intelligentiae.
1616 2331 1770 2378 Propter
1798 2333 1898 2378 quod

624 2394 770 2434 oportet
788 2389 887 2434 quod
910 2388 1172 2434 intelligentiae
1194 2395 1365 2423 moveant
1392 2388 1498 2422 orbes
1521 2392 1556 2422 et
1578 2389 1728 2429 stellam
1752 2395 1790 2424 et
1812 2391 1898 2434 quia

624 2456 732 2481 omne
768 2457 919 2481 movens
952 2447 1111 2480 nobilius
1144 2452 1201 2480 est
1232 2452 1343 2488 mom,
1372 2450 1518 2491 oportet
1552 2448 1653 2492 quod
1686 2447 1898 2491 hujusmodi

625 2510 786 2538 motores
819 2504 890 2539 sint
926 2503 1216 2550 incorruptibiles
1263 2512 1292 2538 rt
1339 2503 1612 2549 ingenerabiles,
1654 2504 1820 2549 quamvis
1860 2511 1898 2540 et

624 2561 783 2596 rationes
808 2561 899 2595 aliae
923 2562 994 2595 sint
1021 2561 1068 2595 ad
1096 2561 1194 2595 idem
1221 2567 1256 2595 et
1285 2567 1427 2595 caetera
1454 2572 1550 2598 nunc
1576 2567 1683 2597 tacta.

436 2622 537 2651 Aetion
552 2623 584 2650 of
672 2617 746 2654 Sed
764 2624 910 2653 transeo
930 2618 977 2653 ad
1003 2630 1045 2653 ea
1070 2629 1165 2662 quae
1190 2623 1276 2652 sunt
1303 2619 1452 2664 propria
1476 2620 1523 2655 ad
1551 2620 1585 2653 id
1609 2619 1708 2664 quod
1732 2620 1896 2661 intendo,

435 2659 482 2686 ’δ’
495 2659 557 2686 ‘⁰¹²‘
621 2675 757 2711 scilicet
779 2677 826 2711 ad
843 2675 1040 2710 videndum
1063 2686 1159 2720 quae
1183 2676 1332 2719 agentia
1359 2684 1513 2721 possunt
1536 2676 1718 2721 complere
1745 2676 1896 2712 effectus

434 2695 658 2795 ἓῒέίιὲά-ετ
684 2743 777 2778 quae
803 2744 886 2767 non.
939 2733 988 2766 Et
1013 2736 1114 2778 patet
1141 2733 1239 2778 quod
1265 2739 1425 2777 quatuor
1447 2735 1625 2770 elementa
1649 2739 1800 2778 possunt
1825 2733 1894 2769 hoc

434 2767 595 2832 5⁸:222&oe
620 2790 746 2825 facere.
799 2790 1020 2824 Aristoteles
1045 2791 1139 2824 enirn
1166 2790 1257 2824 dicit
1276 2790 1370 2824 libro
1390 2791 1776 2836 meteorologicorum,
1792 2792 1891 2836 quod

435 2845 464 2867 ¹⁰
477 2841 599 2877 comple·
621 2858 717 2893 aqua
733 2846 920 2882 multoties
937 2847 1114 2882 convertit
1132 2858 1256 2882 aerem
1276 2848 1312 2882 in
1327 2859 1379 2892 se,
1398 2855 1434 2883 et
1452 2860 1472 2882 e
1490 2849 1672 2883 contrario
1687 2861 1696 2891 ;,
1720 2854 1757 2883 et
1775 2850 1894 2894 quod·

434 2877 497 2904 uun-
621 2904 708 2940 libet
729 2909 850 2951 potest
881 2903 954 2939 ficri
984 2915 1030 2939 ex
1061 2904 1239 2951 quolibet,
1270 2911 1308 2941 ut
1339 2905 1414 2940 vult
1447 2904 1539 2940 libro
1563 2905 1607 2940 de
1636 2904 1891 2942 Generatione.
