2350 3580
640 759 710 797 144
885 750 1061 786 OPERIS
1078 749 1293 790 nasonis
1319 748 1450 784 PARS
1478 747 1674 792 QUINTA.

639 854 752 880 unum
779 843 866 888 duo,
880 855 977 891 quae
996 852 1072 879 non
1098 841 1273 879 accidunt
1299 840 1336 878 in
1360 840 1447 879 forti
1474 839 1583 878 oculo
1607 844 1760 888 propter
1778 849 1932 876 causam

638 901 688 938 ibi
705 901 843 939 datam.

448 959 526 997 ΒΨ
539 959 610 989 110³·
686 959 848 1008 Quando
862 971 952 996 vero
969 958 1097 997 oculus
1114 958 1250 1006 aspicit
1270 956 1465 996 candelam
1483 962 1521 996 et
1538 956 1707 996 demittit
1723 955 1934 1006 palpebras,

446 1005 465 1024 ⁸
478 997 584 1026 Μὴ
636 1018 739 1054 videt
752 1017 944 1054 candelam
963 1017 1141 1065 projicere
1161 1017 1288 1054 radios
1303 1017 1341 1053 in
1361 1017 1516 1052 modum
1534 1014 1744 1063 pyramidis
1759 1013 1934 1052 radione

636 1076 739 1123 cujus
781 1087 897 1112 conus
932 1080 988 1112 est
1024 1074 1063 1112 in
1099 1074 1265 1118 candela,
1301 1079 1341 1112 et
1376 1074 1561 1121 dispersio
1598 1073 1785 1110 radiorum
1818 1072 1934 1110 valde

635 1133 819 1171 sensibilis
850 1133 895 1171 fit
923 1144 1050 1171 versus
1088 1133 1250 1170 oculum.
1301 1132 1419 1179 Cujus
1454 1143 1567 1170 causa
1603 1138 1672 1177 est,
1696 1132 1799 1180 quod
1836 1130 1932 1168 radii

635 1192 812 1230 candelae
841 1193 979 1230 eadunt
1003 1203 1114 1240 super
1139 1191 1234 1237 cilia,
1259 1197 1298 1228 et
1324 1190 1390 1239 pili
1419 1190 1471 1228 illi
1496 1195 1584 1228 sunt
1612 1190 1720 1238 politi
1749 1189 1933 1227 habentes

635 1250 819 1288 rationem
833 1251 988 1298 speculi,
1006 1256 1159 1299 propter
1183 1249 1288 1297 quod
1308 1249 1352 1285 fit
1378 1249 1532 1287 reflexio
1556 1250 1606 1287 ab
1632 1249 1687 1285 eis
1711 1249 1749 1285 in
1769 1248 1932 1292 oculum,

634 1309 783 1356 quando
802 1310 855 1345 sic
870 1300 1094 1346 inclinantur
1110 1314 1152 1345 ut
1170 1308 1301 1345 oculus
1316 1309 1436 1356 possit
1453 1308 1616 1356 recipere
1634 1308 1758 1344 radios
1772 1306 1933 1344 reflexos

633 1366 681 1403 ad
715 1367 979 1415 aequalitatem
1020 1367 1241 1414 angulorum
1274 1367 1507 1404 incidentiae.
1561 1366 1613 1404 Et
1648 1367 1734 1403 ideo
1774 1376 1849 1402 non
1893 1365 1933 1402 in

633 1436 855 1473 quocunque
870 1426 943 1463 situ
960 1425 1128 1463 ciliorum
1145 1425 1219 1462 hoc
1236 1425 1383 1470 accidit,
1399 1425 1465 1463 sed
1484 1425 1521 1461 in
1538 1425 1798 1462 detenninato.

444 1499 586 1527 sanun..
684 1483 847 1531 Quando
863 1495 952 1521 vero
968 1484 1084 1521 homo
1110 1483 1244 1530 aspicit
1265 1483 1405 1531 aliquid
1430 1483 1669 1530 splendidum
1696 1488 1734 1520 ct
1756 1482 1931 1531 politum,

446 1535 504 1563 ‘¹⁰¹³
518 1535 587 1598 {²⁰³¹
604 1544 619 1563 ¹
636 1546 676 1578 ut
688 1553 832 1578 crucem
852 1543 902 1578 de
919 1541 1057 1578 electro
1074 1553 1188 1589 super
1205 1541 1415 1590 campanile
1428 1542 1487 1578 vel
1501 1542 1629 1578 turrim
1645 1542 1772 1584 altam,
1785 1541 1933 1578 videbit

445 1576 620 1637 25:32⁸
635 1598 847 1646 hujusmodi
866 1611 999 1647 eorpus
1018 1598 1128 1636 valde
1145 1599 1356 1645 scintillare,
1374 1601 1525 1646 quando
1537 1601 1632 1636 radii
1645 1600 1734 1636 solis
1744 1600 1804 1636 vel
1822 1599 1931 1636 lunae

444 1644 621 1710 ᾗξέἕῐξῗω
634 1658 770 1700 cadunt
788 1668 899 1705 super
919 1657 1010 1694 illud
1037 1665 1074 1694 et
1101 1657 1341 1695 reflectuntur
1366 1658 1403 1694 in
1430 1658 1561 1694 visum.
1609 1657 1727 1705 Cujus
1743 1669 1856 1695 causa
1871 1663 1932 1694 est

633 1716 812 1753 sensibilis
838 1716 997 1753 variatio
1021 1716 1148 1764 anguli
1172 1723 1327 1764 propter
1352 1723 1497 1754 motum
1523 1716 1663 1754 stellae.
1715 1716 1816 1753 Nam
1843 1716 1930 1753 licet

631 1780 781 1822 propter
815 1775 1031 1811 distantiam
1065 1774 1195 1811 stellae
1223 1787 1245 1811 a
1276 1775 1395 1820 nobis,
1421 1787 1496 1812 non
1527 1775 1752 1823 percipimus
1782 1781 1930 1811 motum

630 1832 720 1878 ejus,
750 1838 872 1869 tamen
908 1838 1059 1880 propter
1088 1834 1382 1870 mediocritatem
1412 1834 1614 1870 distantiae
1647 1834 1814 1880 corporis
1843 1833 1931 1868 talis

633 1889 863 1927 scintillantis
911 1903 1110 1938 possumus
1145 1891 1316 1938 judicare
1354 1892 1401 1928 de
1449 1903 1536 1928 casu
1585 1891 1678 1928 lucis
1722 1892 1929 1928 secundum

633 1949 788 1994 angulos
812 1949 974 1986 variatos
999 1949 1048 1985 ad
1071 1954 1216 1985 motum
1243 1948 1383 1994 stellae,
1400 1954 1439 1986 et
1465 1950 1552 1986 ideo
1576 1950 1723 1987 videtur
1747 1949 1930 1998 projicere

635 2007 757 2043 radios
801 2008 1006 2044 secundum
1058 2007 1205 2044 diversa
1252 2007 1333 2045 loca
1378 2013 1416 2045 et
1461 2009 1672 2046 scintillare.
1738 2009 1781 2046 Si
1827 2009 1929 2046 enim

635 2065 921 2112 irnaginaremur
937 2071 1068 2109 rotam,
1085 2065 1192 2111 cujus
1216 2070 1385 2102 centrum
1412 2073 1511 2103 esset
1536 2071 1701 2105 centrum
1730 2067 1871 2110 mundi,
1891 2073 1930 2103 et

635 2122 929 2160 circumferentia
946 2129 1042 2159 esset
1059 2122 1205 2159 coelum
1225 2130 1383 2169 motum,
1401 2130 1490 2160 tunc
1507 2124 1594 2160 licet
1614 2126 1705 2160 radii
1732 2126 1880 2161 extensi
1907 2137 1930 2160 a

634 2186 759 2216 centro
777 2191 895 2227 usque
908 2181 954 2217 ad
972 2181 1319 2226 circumferentiam,
1341 2182 1377 2218 id
1396 2190 1463 2225 est,
1483 2182 1574 2219 rami
1594 2194 1656 2218 seu
1681 2182 1803 2218 baculi
1820 2181 1929 2218 infixi

635 2238 670 2273 in
712 2243 841 2274 centro
877 2245 917 2274 et
957 2240 1105 2275 deducti
1143 2240 1192 2275 ad
1223 2240 1567 2283 circumferentiam,
1598 2251 1674 2277 non
1705 2247 1929 2287 apparerent

636 2297 775 2332 moveri
817 2308 934 2343 prope
974 2298 1310 2334 circumferentiam
1352 2305 1505 2346 propter
1554 2298 1769 2336 distantiam
1816 2298 1932 2343 visus,

633 2354 806 2390 videntur
830 2359 957 2391 tamen
988 2355 1212 2392 sensibiliter
1243 2357 1383 2392 moveri
1414 2357 1507 2392 circa
1538 2362 1707 2392 centrum
1738 2357 1787 2392 ab
1817 2357 1929 2392 oculo

633 2412 755 2459 posito
787 2423 903 2460 prope
937 2413 1038 2449 illud.
1101 2414 1150 2450 Et
1188 2415 1270 2450 ideo
1303 2414 1473 2450 similiter
1505 2416 1598 2451 radii
1629 2415 1720 2451 soils
1751 2415 1929 2452 cadentes

633 2480 744 2516 super
764 2481 841 2505 rem
863 2470 923 2507 hic
943 2471 1090 2508 inferius
1115 2471 1254 2509 facient
1276 2472 1487 2509 sensibilem
1514 2472 1760 2509 variationem,
1787 2473 1928 2520 anguli,

632 2527 717 2563 licet
735 2528 770 2563 in
790 2527 866 2564 sole
896 2540 970 2564 non
999 2535 1196 2576 appareret
1225 2531 1336 2567 uobis
1369 2536 1504 2567 motus.
1557 2530 1608 2567 Et
1634 2530 1694 2567 hic
1720 2536 1778 2568 est
1807 2542 1928 2568 novus

633 2585 765 2621 modus
801 2585 1070 2622 scintillationis
1108 2588 1210 2633 quod
1243 2588 1396 2635 promisi
1431 2588 1469 2624 in
1512 2589 1820 2635 praecedentibus
1867 2602 1927 2626 me

633 2641 710 2678 fore
735 2643 955 2680 dicturum¹.

1101 2761 1356 2798 (ΖΑΡιτυιυΜ
1387 2762 1456 2798 VI.

444 2855 561 2897 ‚l'uuble
682 2854 751 2892 Est
768 2862 892 2893 autem
906 2857 1099 2904 vulgatum
1117 2860 1216 2906 apud
1236 2860 1501 2906 perspectivos‚
1512 2860 1612 2906 quod
1632 2860 1785 2906 speculo
1803 2862 1926 2906 posito

444 2891 618 2956 ᾎἛῇἕῖὴῗ
633 2913 670 2947 ἰιι
686 2924 775 2948 vase
796 2914 957 2952 habente
981 2927 1130 2962 aquam,
1148 2927 1232 2952 cum
1256 2918 1399 2964 duplex
1421 2923 1601 2964 appareat
1623 2918 1674 2954 ibi
1699 2920 1834 2965 imago,
1854 2931 1925 2956 una

394 3014 397 3015 ν
442 2964 588 3030 lma?
705 2998 712 3016 ¹
735 3001 791 3028 See
805 3002 854 3030 the
868 3002 1041 3038 concluding
1053 3007 1192 3032 sentence
1205 3004 1239 3033 of
1248 3005 1299 3033 the
1311 3005 1431 3040 chapter
1443 3015 1481 3033 on
1496 3006 1698 3040 Scintillation.
1715 3015 1742 3042 p.
1759 3008 1823 3035 rufi.
