2350 3580
550 1022 834 1065 PERSPEC
838 1024 905 1064 TI
911 1024 1042 1065 VAE
1078 1024 1254 1066 PARS
1289 1024 1597 1066 SECUNDA
1614 1040 1627 1065 .-

830 1127 1142 1164 DISTINCTIO
1167 1127 1352 1163 PRIMA.

511 1212 582 1248 Hic
598 1213 724 1259 incipit
738 1226 823 1261 pars
839 1216 1001 1250 secunda
1021 1215 1129 1261 hujus
1145 1219 1338 1258 tractatus,
1354 1226 1449 1260 quae
1465 1219 1522 1249 est
1538 1214 1586 1249 de
1603 1212 1723 1249 modis

463 1270 735 1317 particularibus
758 1278 795 1307 et
819 1272 940 1309 causis
962 1273 1114 1309 videndi
1140 1272 1230 1320 per¹
1261 1272 1395 1308 lineam
1428 1277 1566 1308 rectam
1592 1270 1724 1318 princi·

464 1327 600 1374 paliter.
647 1328 698 1364 Et
725 1329 838 1365 habet
863 1330 1121 1367 distinctiones
1149 1337 1234 1366 tres.
1287 1330 1410 1365 Prima
1433 1334 1490 1365 est
1516 1329 1565 1365 de
1585 1328 1724 1363 visione

465 1396 572 1432 penes
594 1387 896 1433 compositionem
921 1388 1029 1432 oculi,
1046 1389 1223 1424 et'habet
1243 1388 1315 1424 tria
1338 1387 1512 1434 capitula.
1562 1387 1724 1422 Primum

465 1450 519 1480 est
533 1443 580 1479 de
595 1444 651 1480 his
666 1456 761 1490 quac
779 1456 803 1481 a
820 1445 930 1492 longe
945 1446 1072 1482 vident
1088 1446 1146 1482 vel
1163 1457 1260 1493 quae
1275 1458 1403 1492 prope.

936 1577 1187 1616 eufronum
1221 1579 1250 1615 1.

514 1664 562 1700 Et
577 1665 746 1711 quoniam
768 1666 897 1701 endem
918 1672 975 1702 est
997 1666 1151 1702 scientia
1170 1666 1436 1713 oppositorum,
1456 1670 1497 1699 ut
1521 1663 1607 1699 dicit
1624 1662 1730 1698 Aris·-
1744 1665 1904 1696 (ζα-οἰο-

468 1722 595 1758 toteles
617 1724 654 1758 in
678 1723 836 1770 Topicis,
861 1730 900 1759 et
929 1724 967 1759 in
997 1723 1119 1771 primo
1143 1724 1192 1760 de
1218 1723 1456 1759 Animalibus
1480 1722 1609 1757 asserit
1630 1720 1731 1767 quod
1745 1703 1909 1776 eye-⁶⁶:¹3⁶

469 1786 601 1815 rectum
628 1787 684 1816 at
710 1782 824 1817 index
847 1782 904 1817 sui
929 1788 966 1817 et
991 1782 1072 1827 ejus
1100 1782 1250 1828 obliqui,
1276 1781 1365 1827 quia
1398 1791 1464 1826 per
1491 1775 1905 1825 privationembuzduh‘·

469 1838 629 1874 sanitatis
649 1839 880 1884 cognoscitur
896 1839 1100 1882 infirmitas,
1118 1840 1203 1875 ideo
1218 1839 1328 1874 simul
1348 1838 1480 1873 modos
1496 1836 1732 1883 particulares

470 1895 685 1931 certificandi
712 1897 868 1933 visffissia
896 1908 980 1933 cum
1011 1897 1215 1933 defectibus
1243 1897 1343 1931 visus
1372 1902 1410 1931 et
1443 1894 1623 1930 erroribus
1652 1892 1733 1937 ejus

472 1953 675 1999 designabo,
698 1960 739 1989 ut
763 1956 888 2006 statim
921 1956 1002 2001 ipse
1035 1954 1200 1990 defectus
1224 1960 1263 1989 et
1290 1965 1390 1989 error
1423 1957 1548 1999 pateat
1581 1962 1647 1998 per
1670 1950 1735 1985 de-

471 2011 756 2046 terminationem
775 2013 977 2048 contrariae
992 2013 1167 2048 veritatis.
1217 2011 1340 2046 Primo
1362 2021 1450 2045 vero
1475 2008 1732 2044 recurrendum

472 2074 526 2103 est
544 2069 589 2104 ad
607 2070 827 2105 reddendam
846 2070 1026 2105 rationem
1043 2070 1194 2105 videndi
1216 2080 1329 2115 penes
1346 2080 1390 2104 a
1405 2078 1502 2113 quae
1519 2066 1567 2101 ad
1584 2075 1736 2110 compo—

472 2126 636 2161 sitionem
660 2127 755 2162 oculi
783 2134 959 2174 spectant.
1010 2127 1084 2174 Qui
1106 2139 1196 2162 vero
1216 2127 1354 2162 habent
1377 2125 1504 2161 oculos
1526 2123 1736 2170 profundos,

474 2194 613 2219 nece-se
628 2190 683 2220 est
703 2196 751 2220 cx
775 2185 845 2220 hac
873 2197 985 2221 causa
1008 2186 1108 2232 quod
1130 2191 1286 2232 possunt
1306 2185 1430 2219 videre
1455 2183 1572 2227 magis
1595 2186 1738 2216 remota

477 2251 583 2286 quam
598 2241 772 2277 habentes
788 2243 914 2278 oculos
932 2244 1196 2289 prominentes.
1239 2242 1290 2277 Et
1308 2241 1417 2287 hujus
1434 2241 1528 2275 ratio
1545 2240 1663 2286 prima
1681 2244 1738 2272 est

475 2305 619 2345 propter
635 2301 807 2346 majorem
833 2301 1087 2337 fortitudinem
1113 2312 1224 2347 quam
1249 2301 1363 2336 habet
1387 2298 1515 2334 oculus
1538 2296 1739 2343 profundus

475 2363 620 2403 propter
643 2358 817 2403 majorem
846 2359 925 2405 ejus
950 2358 1345 2406 appropinquationem
1374 2356 1422 2392 ad
1457 2366 1607 2391 nervum
1640 2363 1740 2389 com-

478 2425 618 2450 munem
644 2416 681 2450 in
705 2427 780 2461 quo
802 2422 859 2452 at
875 2417 991 2452 virtus
1012 2417 1137 2456 visiva,
1161 2417 1258 2452 sicut
1284 2416 1320 2450 in
1349 2414 1461 2449 fonte.
1511 2412 1602 2447 Alia
1630 2421 1740 2447 causa

477 2477 540 2513 εἰ,
558 2473 656 2517 quod
682 2473 809 2509 oculus
836 2474 1038 2520 profundus
1062 2474 1183 2520 magis
1203 2478 1441 2509 conservatur
1464 2482 1487 2505 a
1511 2467 1741 2505 nocumenti·

477 2534 514 2564 et
545 2528 626 2575 plus
655 2530 848 2576 elongatur
877 2543 901 2567 a
933 2532 1157 2567 laesionibus
1188 2542 1300 2577 quam
1335 2529 1553 2575 prominens,
1586 2532 1625 2561 et
1657 2524 1741 2560 ideo

478 2585 605 2622 sortior
625 2593 693 2623 est.
739 2589 864 2624 Tertia
884 2601 996 2625 causa
1020 2597 1085 2632 at,
1107 2589 1206 2635 quod
1228 2588 1347 2634 magis
1367 2591 1611 2631 congregatur
1626 2583 1741 2618 vinus

479 2644 590 2680 visiva
620 2651 656 2680 et
687 2647 877 2689 adunatur,
906 2648 997 2683 dum
1028 2648 1148 2693 magis
1176 2646 1385 2692 cooperitur
1412 2644 1561 2679 interius
1591 2643 1627 2676 in
1656 2649 1742 2676 con·

479 2702 633 2738 cavitate
654 2705 756 2745 ossis,
775 2711 818 2740 ut
840 2707 895 2741 sic
917 2706 1041 2751 apiae
1056 2707 1155 2741 viam
1182 2705 1400 2740 strictiorem
1426 2708 1464 2737 et
1490 2700 1679 2735 rectiorem
1704 2698 1741 2731 in

481 2770 554 2794 rem
580 2761 705 2804 visam,
732 2768 770 2796 et
796 2764 917 2798 minus
946 2764 1180 2810 dispergatur
1208 2768 1246 2797 et
1275 2761 1460 2801 dilatetur,
1488 2764 1528 2793 ut
1556 2756 1607 2792 sic
1635 2755 1743 2791 cadat

481 2816 517 2851 in
540 2816 658 2852 locum
682 2821 883 2865 pyramidis
897 2821 1057 2856 visualis.
1109 2819 1160 2856 Et
1184 2825 1333 2866 propter
1355 2817 1424 2853 hoc
1450 2816 1572 2855 homo,
1595 2810 1744 2858 ‘mamm

481 2874 558 2910 vult
574 2875 765 2922 diligenter
778 2879 940 2925 aspicere
961 2879 1101 2925 aliquid
1119 2889 1142 2913 a
1163 2878 1284 2924 longe,
1303 2875 1460 2922 apponit
1479 2872 1742 2908 concavitatem

949 2958 958 2973 ¹
978 2959 1145 2992 secundum,
1159 2957 1186 2992 J.
