2350 3580
447 947 595 1022 iffi„

446 1986 478 2013 In
489 1986 538 2014 the

447 2022 552 2059 Topica

445 2059 580 2087 Ari-totle

443 2094 512 2123 does
522 2100 572 2124 not

444 2139 562 2210 ἓξὲξ.

444 2212 585 2240 opinions.

638 507 707 552 506
941 507 1040 541 MUL
1047 506 1314 541 TIPLICATIO
1340 505 1625 541 SPECIERUM.

638 598 690 633 illi
714 597 750 633 in
769 607 845 644 qua
866 602 924 633 est
946 597 1145 633 secundum
1169 607 1298 632 omnes
1318 596 1527 632 diametros.
1579 595 1659 632 Sed
1688 596 1830 632 umbra
1856 606 1924 631 non

638 660 696 692 est
722 656 843 691 activa
872 666 940 692 nec
969 655 1025 690 sui
1054 654 1185 691 similis
1211 654 1433 701 generativa,
1448 655 1514 690 sed
1534 654 1772 690 convertitur
1793 654 1923 688 umbra

638 724 705 759 per
736 713 836 749 aliud
870 719 909 749 et
941 712 1091 758 requirit
1122 712 1212 748 illud
1245 711 1358 754 aliud,
1386 711 1526 748 scilicet
1557 722 1698 758 corpus
1732 710 1921 757 objectum

638 776 785 818 praeter
816 770 979 806 medium
1013 770 1050 805 in
1084 780 1162 816 quo
1198 769 1258 804 sit.
1308 768 1383 805 Sed
1419 769 1559 815 species
1600 768 1728 805 solum
1772 767 1922 814 requirit

639 828 803 864 medium
831 834 1029 874 postquam
1054 832 1112 863 est
1137 827 1174 862 in
1203 826 1327 863 medio
1349 826 1427 872 jam
1455 826 1714 873 multiplicata,
1732 832 1773 862 et
1802 831 1921 873 potest

637 885 708 921 sibi
726 885 881 921 similem
899 895 965 930 per
979 895 1020 920 se
1034 885 1154 921 facere
1169 888 1208 920 et
1223 895 1290 920 sua
1306 889 1491 930 potestate
1507 884 1640 920 activa.

688 943 832 979 Multae
855 942 950 978 aliae
974 942 1088 978 tricae
1112 947 1267 988 possunt
1282 936 1349 977 ‘hic
1378 941 1497 987 objici,
1524 952 1622 987 quae
1654 941 1752 977 nihil
1785 939 1919 977 valent.

639 1000 692 1037 Et
712 1001 796 1036 ideo
816 1006 964 1035 transeo
984 999 1263 1036 determinando
1283 999 1473 1045 quoddam
1499 999 1676 1042 incidens,
1704 999 1798 1045 quia
1828 999 1920 1034 inter

636 1068 768 1094 omnes
792 1057 931 1104 species
958 1057 1122 1093 maxime
1155 1056 1373 1093 aestimatur
1404 1057 1452 1093 de
1484 1057 1567 1092 luce
1591 1056 1671 1092 sive
1707 1050 1867 1092 lumine'
1886 1056 1919 1091 in

637 1115 760 1151 medio
777 1116 877 1161 quod
902 1114 951 1150 sit
970 1125 1117 1160 corpus.
1167 1113 1243 1150 Sed
1261 1113 1335 1150 hoc
1361 1125 1441 1150 esse
1461 1125 1535 1149 non
1558 1119 1685 1160 potest
1711 1114 1918 1150 secundum

635 1172 890 1214 Aristotelem,
906 1172 969 1218 qui
989 1171 1079 1208 dicit
1099 1172 1199 1218 quod
1221 1170 1288 1206 lux
1308 1182 1382 1206 non
1401 1177 1458 1208 est
1486 1182 1629 1217 corpus,
1646 1182 1718 1207 nec
1745 1170 1918 1207 defluxus

638 1229 809 1276 corporis.
859 1228 1037 1266 Similiter
1052 1239 1119 1265 nec
1139 1229 1312 1264 tenebrae
1328 1234 1384 1265 est
1404 1239 1537 1275 eorpus
1558 1229 1623 1264 sed
1646 1229 1785 1275 passio,
1804 1239 1918 1274 quare

635 1299 702 1324 nec
727 1287 807 1332 ejus
833 1287 1045 1333 oppositum
1071 1287 1171 1332 quod
1198 1292 1254 1321 est
1281 1286 1414 1329 lumen,
1442 1292 1485 1322 ut
1509 1286 1639 1333 arg-uit.
1694 1285 1749 1322 Et
1783 1286 1915 1322 iterum

634 1345 745 1380 tertio
762 1344 849 1380 dicit
872 1344 972 1390 quod
988 1349 1076 1379 tuuc
1099 1344 1147 1379 ab
1168 1344 1307 1380 oriente
1329 1344 1377 1379 ad
1401 1344 1571 1380 occidens
1591 1344 1821 1380 translatum
1842 1354 1913 1379 non

634 1402 764 1438 lateret
797 1413 876 1445 nos,
902 1401 987 1437 lieet
1013 1401 1049 1437 in
1083 1413 1197 1447 parvo
1231 1401 1354 1449 spatio
1386 1393 1454 1438 nos
1482 1406 1609 1448 posset
1636 1401 1768 1446 aliquo
1802 1401 1915 1437 modo

634 1460 758 1496 latere.
814 1459 866 1495 Et
885 1459 922 1494 in
943 1459 1099 1495 veritate
1118 1458 1185 1494 lux
1204 1466 1262 1494 est
1284 1460 1320 1495 in
1346 1459 1455 1496 tertia
1469 1459 1592 1505 speeie
1607 1459 1817 1505 qualitatis,
1833 1469 1915 1494 cum

634 1517 683 1553 sit
699 1516 884 1564 possibilis
907 1515 1066 1562 qualitas
1086 1516 1243 1552 inserens
1264 1516 1387 1552 sensui
1410 1527 1477 1563 per
1496 1527 1536 1552 se
1555 1517 1785 1562 passionem,
1802 1527 1916 1562 quare

636 1586 710 1611 non
738 1568 807 1610 erit
832 1585 975 1621 corpus.
1026 1572 1134 1620 Quae
1162 1585 1248 1610 vero
1274 1575 1446 1610 dicuntur
1472 1575 1509 1609 in
1531 1574 1772 1617 contrarium,
1791 1575 1914 1610 omnia

635 1636 720 1667 sunt
746 1631 925 1668 fantasiae
946 1641 1161 1668 communes
1181 1632 1282 1667 omni
1303 1632 1450 1678 speciei,
1467 1631 1675 1677 cujusmodi
1699 1632 1805 1668 dicta
1828 1637 1915 1668 sunt

636 1695 674 1725 et
694 1689 913 1732 consimiles,
928 1695 1076 1736 praeter
1095 1690 1312 1735 exemplum
1329 1690 1543 1726 Aristotelis
1568 1690 1606 1725 in
1631 1689 1787 1737 Topicis
1798 1689 1812 1711 ¹
1829 1681 1912 1724 cum

636 1748 763 1783 recitat
789 1748 890 1793 quod
917 1747 1012 1793 ignis
1036 1751 1093 1782 est
1118 1747 1194 1790 lux,
1219 1748 1307 1793 quia
1331 1748 1472 1793 species
1497 1748 1591 1795 ignis
1614 1748 1707 1784 dicit
1733 1755 1821 1790 tres,
1838 1758 1914 1783 car·

634 1806 782 1849 bouem,
798 1805 988 1841 flammam
1004 1810 1043 1840 et
1060 1804 1192 1841 lucem.
1244 1805 1330 1841 Hoc
1357 1805 1607 1852 multipliciter
1625 1811 1829 1841 evacuatur
1849 1815 1915 1851 per

633 1862 705 1898 hoc
726 1863 825 1908 quod
849 1862 1005 1908 ipsemet
1027 1862 1127 1904 dicit,
1143 1862 1243 1908 quod
1270 1862 1442 1909 exempla
1466 1864 1635 1909 ponimus
1661 1873 1736 1898 non
1763 1868 1805 1899 ut
1829 1874 1913 1898 vera

635 1920 717 1964 sint,
733 1921 799 1956 sed
816 1926 857 1955 ut
872 1920 1036 1955 sentiant
1052 1920 1113 1965 qui
1129 1920 1335 1957 addiscunt.

688 1978 740 2014 Et
759 1977 885 2013 omnia
904 1977 984 2023 ejus
1003 1977 1177 2023 exempla
1202 1978 1238 2013 in
1261 1978 1434 2024 Topicis²
1453 1985 1538 2015 sunt
1561 1979 1763 2025 positiones
1793 1978 1912 2024 philo-

633 2035 846 2082 sophorum,
863 2035 1063 2070 secundum
1081 2034 1333 2072 definitionem
1351 2037 1543 2084 positionis
1562 2038 1700 2073 ibidem
1719 2038 1863 2078 datam,
1876 2042 1912 2072 et

633 2093 718 2129 ideo
745 2093 820 2128 sere
846 2093 972 2128 omnia
997 2097 1083 2128 sunt
1105 2092 1208 2129 salsa.
1258 2093 1370 2130 Unde
1387 2094 1479 2131 haee
1497 2094 1636 2131 falsitas
1654 2095 1756 2130 venit
1774 2107 1826 2130 ex
1844 2095 1913 2130 hoc

631 2151 732 2198 quod
753 2156 951 2196 posuerunt
968 2148 1095 2186 stellas
1112 2161 1192 2186 esse
1208 2162 1257 2186 ex
1278 2150 1359 2188 luce
1374 2164 1440 2188 sua
1460 2152 1597 2188 calidas
1614 2158 1651 2188 et
1669 2153 1811 2199 igneas,
1828 2153 1914 2199 quia

633 2209 701 2244 lux
714 2208 892 2249 calefacit,
905 2208 999 2243 sicut
1013 2207 1092 2254 ipse
1106 2208 1234 2244 recitat
1246 2210 1407 2246 secundo
1421 2209 1524 2246 Coeli
1537 2215 1575 2246 et
1588 2210 1733 2246 Mundi.
1762 2211 1816 2247 Et
1830 2212 1913 2248 ideo

634 2271 836 2315 posuerunt
848 2265 966 2301 lucem
984 2276 1065 2301 esse
1082 2266 1215 2311 ignem,
1227 2271 1265 2301 et
1282 2278 1392 2302 unam
1410 2269 1569 2314 speciem
1589 2269 1684 2315 ignis
1695 2280 1778 2305 esse
1791 2269 1913 2305 lucem

632 2324 833 2365 stellarum,
852 2334 918 2359 nec
939 2330 1142 2369 posuerunt
1162 2324 1307 2360 stellam
1323 2336 1403 2361 ωδε
1421 2325 1489 2361 nisi
1507 2326 1627 2362 lucem
1644 2333 1912 2374 congregatam

633 2388 671 2419 et
684 2383 877 2418 densatam
890 2381 1091 2417 secundum
1106 2381 1239 2417 trinam
1253 2383 1517 2419 dimensionem
1529 2398 1539 2427 ς
1558 2390 1596 2419 et
1609 2384 1695 2420 ideo
1709 2391 1913 2431 posuerunt

633 2441 752 2476 lucem
770 2450 849 2474 esse
866 2449 1009 2484 corpus.
1054 2437 1131 2475 Sed
1149 2439 1240 2476 haee
1257 2441 1382 2476 omnia
1398 2440 1489 2476 salsa
1509 2448 1604 2477 sunt.
1648 2440 1763 2488 Quod
1786 2450 1912 2479 autem

633 2498 755 2533 minus
767 2497 782 2517 ³
806 2496 1050 2533 communiter
1074 2497 1206 2532 dicitur
1225 2499 1273 2533 ad
1293 2498 1389 2534 hanc
1413 2500 1669 2535 auctoritatem
1687 2499 1914 2544 Aristotelis,

668 2574 678 2590 ¹
697 2574 742 2601 De
753 2573 871 2607 Anima,
890 2572 937 2600 lib.
956 2574 985 2601 ii.
1002 2582 1064 2608 cap.
1079 2581 1094 2607 7
1113 2572 1147 2601 τὸ
1165 2573 1222 2608 φῶς
1237 2595 1245 2602 .
1266 2595 1273 2602 .
1292 2595 1299 2602 .
1319 2574 1375 2602 οὔθ’
1394 2574 1462 2602 ὅλη
1480 2575 1557 2608 espa
1576 2574 1633 2602 οὐδ’
1650 2575 1769 2610 dromi)
1787 2575 1914 2610 σύμπας

631 2616 747 2646 οὐδενός.
779 2617 812 2645 In
834 2617 884 2644 the
906 2616 1057 2651 following
1073 2626 1196 2653 passage
1214 2618 1353 2646 Aristotle
1372 2620 1474 2653 oeJects
1498 2619 1548 2647 the
1567 2620 1642 2646 view
1660 2619 1695 2646 os
1709 2619 1914 2656 Empedocles,

631 2661 693 2688 that
705 2661 778 2696 light
790 2661 934 2688 consisted
948 2661 977 2688 in
989 2661 1039 2688 the
1052 2669 1174 2696 passage
1187 2661 1222 2689 os
1229 2662 1363 2697 penicles
1375 2662 1509 2691 between
1522 2662 1572 2691 the
1584 2663 1640 2698 sky
1652 2663 1709 2690 end
1723 2663 1818 2693 earth.

667 2703 678 2720 ¹
697 2703 759 2733 Lib.
771 2713 798 2732 v.
814 2713 877 2739 cap.
889 2712 918 2739 5,
934 2707 948 2737 ς
965 2712 1007 2732 n.

666 2746 678 2766 ⁸
697 2747 768 2775 This
781 2747 806 2775 i·
819 2747 869 2775 the
882 2748 1003 2783 reading
1013 2747 1047 2775 of
1056 2748 1140 2784 Res..
1152 2748 1182 2783 J.
1195 2749 1248 2778 has
1260 2750 1364 2778 mitius.
