<?xml version="1.0" encoding="UTF-8"?>
<!DOCTYPE html PUBLIC "-//W3C//DTD XHTML 1.0 Transitional//EN"
    "http://www.w3.org/TR/xhtml1/DTD/xhtml1-transitional.dtd">
<html xmlns="http://www.w3.org/1999/xhtml" xml:lang="en" lang="en">
 <head>
  <title>
</title>
<meta http-equiv="Content-Type" content="text/html;charset=utf-8" />
  <meta name='ocr-system' content='tesseract 3.04.00' />
  <meta name='ocr-capabilities' content='ocr_page ocr_carea ocr_par ocr_line ocrx_word'/>
</head>
<body>
  <div class='ocr_page' id='page_1' title='image "./opusmajusrogerb00bridgoog/opusmajusrogerb00bridgoog_0549.png"; bbox 0 0 2350 3580; ppageno 0'>
   <div class='ocr_carea' id='block_1_1' title="bbox 376 356 1512 548">
    <p class='ocr_par' dir='ltr' id='par_1_1' title="bbox 376 356 1512 548">
     <span class='ocr_line' id='line_1_1' title="bbox 376 356 1512 548; baseline 0 3032"><span class='ocrx_word' id='word_1_1' title='bbox 376 356 1512 548; x_wconf 95' lang='lat' dir='ltr'> </span> 
     </span>
    </p>
   </div>
   <div class='ocr_carea' id='block_1_2' title="bbox 835 743 1756 788">
    <p class='ocr_par' dir='ltr' id='par_1_2' title="bbox 835 743 1756 788">
     <span class='ocr_line' id='line_1_2' title="bbox 835 743 1756 788; baseline 0.002 -13"><span class='ocrx_word' id='word_1_2' title='bbox 835 743 963 775; x_wconf 83' lang='lat' dir='ltr'><em>PARS</em></span> <span class='ocrx_word' id='word_1_3' title='bbox 995 743 1198 783; x_wconf 79' lang='lat' dir='ltr'><em>QUINTA:</em></span> <span class='ocrx_word' id='word_1_4' title='bbox 1239 743 1337 777; x_wconf 80' lang='lat' dir='ltr'><em>CAP.</em></span> <span class='ocrx_word' id='word_1_5' title='bbox 1365 744 1412 776; x_wconf 82' lang='grc' dir='ltr'>ΙΙ.</span> <span class='ocrx_word' id='word_1_6' title='bbox 1689 753 1756 788; x_wconf 84' lang='grc'>537</span> 
     </span>
    </p>
   </div>
   <div class='ocr_carea' id='block_1_3' title="bbox 481 832 1756 1687">
    <p class='ocr_par' dir='ltr' id='par_1_3' title="bbox 481 832 1756 1687">
     <span class='ocr_line' id='line_1_3' title="bbox 486 832 1753 880; baseline 0.002 -13"><span class='ocrx_word' id='word_1_7' title='bbox 486 832 536 867; x_wconf 86' lang='lat' dir='ltr'>Et</span> <span class='ocrx_word' id='word_1_8' title='bbox 560 833 623 867; x_wconf 86' lang='lat' dir='ltr'>illa</span> <span class='ocrx_word' id='word_1_9' title='bbox 644 844 740 878; x_wconf 88' lang='lat' dir='ltr'>quae</span> <span class='ocrx_word' id='word_1_10' title='bbox 762 833 861 868; x_wconf 88' lang='lat' dir='ltr'>venit</span> <span class='ocrx_word' id='word_1_11' title='bbox 886 844 909 867; x_wconf 89' lang='lat' dir='ltr'>a</span> <span class='ocrx_word' id='word_1_12' title='bbox 932 844 972 868; x_wconf 89' lang='lat' dir='ltr'>re</span> <span class='ocrx_word' id='word_1_13' title='bbox 989 833 1108 878; x_wconf 85' lang='lat' dir='ltr'>posita</span> <span class='ocrx_word' id='word_1_14' title='bbox 1125 832 1220 868; x_wconf 88' lang='lat' dir='ltr'>ultra</span> <span class='ocrx_word' id='word_1_15' title='bbox 1237 839 1400 868; x_wconf 88' lang='lat' dir='ltr'>centrum</span> <span class='ocrx_word' id='word_1_16' title='bbox 1421 833 1557 876; x_wconf 85' lang='lat' dir='ltr'>mundi,</span> <span class='ocrx_word' id='word_1_17' title='bbox 1577 834 1606 869; x_wconf 86' lang='lat' dir='ltr'>si</span> <span class='ocrx_word' id='word_1_18' title='bbox 1630 839 1753 880; x_wconf 83' lang='lat' dir='ltr'>posset</span> 
     </span>
     <span class='ocr_line' id='line_1_4' title="bbox 483 890 1754 937; baseline 0.001 -12"><span class='ocrx_word' id='word_1_19' title='bbox 483 890 600 926; x_wconf 79' lang='lat' dir='ltr'>facere</span> <span class='ocrx_word' id='word_1_20' title='bbox 619 890 776 936; x_wconf 80' lang='lat' dir='ltr'>speciem</span> <span class='ocrx_word' id='word_1_21' title='bbox 793 901 896 926; x_wconf 86' lang='lat' dir='ltr'>suam</span> <span class='ocrx_word' id='word_1_22' title='bbox 914 890 1081 935; x_wconf 85' lang='lat' dir='ltr'>superius</span> <span class='ocrx_word' id='word_1_23' title='bbox 1098 891 1133 926; x_wconf 90' lang='lat' dir='ltr'>in</span> <span class='ocrx_word' id='word_1_24' title='bbox 1152 897 1293 936; x_wconf 87' lang='lat' dir='ltr'>partem</span> <span class='ocrx_word' id='word_1_25' title='bbox 1310 890 1434 936; x_wconf 87' lang='lat' dir='ltr'>centri,</span> <span class='ocrx_word' id='word_1_26' title='bbox 1452 891 1520 927; x_wconf 90' lang='lat' dir='ltr'>iret</span> <span class='ocrx_word' id='word_1_27' title='bbox 1535 891 1583 927; x_wconf 87' lang='lat' dir='ltr'>ad</span> <span class='ocrx_word' id='word_1_28' title='bbox 1601 902 1754 937; x_wconf 86' lang='lat' dir='ltr'>perpen-</span> 
     </span>
     <span class='ocr_line' id='line_1_5' title="bbox 482 948 1741 996; baseline 0 -13"><span class='ocrx_word' id='word_1_29' title='bbox 482 948 694 991; x_wconf 87' lang='lat' dir='ltr'>dicularem,</span> <span class='ocrx_word' id='word_1_30' title='bbox 718 955 760 984; x_wconf 89' lang='lat' dir='ltr'>ut</span> <span class='ocrx_word' id='word_1_31' title='bbox 790 954 891 995; x_wconf 90' lang='lat' dir='ltr'>patet</span> <span class='ocrx_word' id='word_1_32' title='bbox 920 949 957 983; x_wconf 86' lang='lat' dir='ltr'>in</span> <span class='ocrx_word' id='word_1_33' title='bbox 1103 982 1108 996; x_wconf 41' lang='lat'><em>2</em></span> <span class='ocrx_word' id='word_1_34' title='bbox 1738 963 1741 967; x_wconf 55' lang='lat'><strong><em>⁴</em></strong></span> 
     </span>
     <span class='ocr_line' id='line_1_6' title="bbox 485 1005 1093 1051; baseline 0.002 -11"><span class='ocrx_word' id='word_1_35' title='bbox 485 1005 610 1051; x_wconf 85' lang='lat' dir='ltr'>figura.</span> <span class='ocrx_word' id='word_1_36' title='bbox 643 1006 741 1041; x_wconf 88' lang='lat' dir='ltr'>Nam</span> <span class='ocrx_word' id='word_1_37' title='bbox 754 1006 784 1041; x_wconf 85' lang='lat' dir='ltr'>d</span> <span class='ocrx_word' id='word_1_38' title='bbox 795 1006 817 1042; x_wconf 78' lang='lat' dir='ltr'><em>b</em></span> <span class='ocrx_word' id='word_1_39' title='bbox 832 1006 957 1042; x_wconf 80' lang='lat' dir='ltr'>radius</span> <span class='ocrx_word' id='word_1_40' title='bbox 977 1017 1058 1036; x_wconf 65' lang='lat' dir='ltr'>rmus·</span> <span class='ocrx_word' id='word_1_41' title='bbox 1068 1021 1093 1036; x_wconf 84' lang='grc' dir='ltr'>οι</span> 
     </span>
     <span class='ocr_line' id='line_1_7' title="bbox 484 1055 1094 1110; baseline 0 -12"><span class='ocrx_word' id='word_1_42' title='bbox 484 1063 619 1099; x_wconf 82' lang='lat' dir='ltr'>fractus</span> <span class='ocrx_word' id='word_1_43' title='bbox 630 1063 730 1099; x_wconf 86' lang='lat' dir='ltr'>vadit</span> <span class='ocrx_word' id='word_1_44' title='bbox 740 1076 866 1099; x_wconf 81' lang='lat' dir='ltr'>versus</span> <span class='ocrx_word' id='word_1_45' title='bbox 877 1076 955 1110; x_wconf 89' lang='lat' dir='ltr'>per·</span> <span class='ocrx_word' id='word_1_46' title='bbox 983 1055 1094 1103; x_wconf 54' lang='lat'>&#39;&#39;¹2:22&#39;&#39;</span> 
     </span>
     <span class='ocr_line' id='line_1_8' title="bbox 482 1121 1084 1167; baseline 0.002 -10"><span class='ocrx_word' id='word_1_47' title='bbox 482 1121 812 1167; x_wconf 83' lang='lat' dir='ltr'>pendicularemoc</span> <span class='ocrx_word' id='word_1_48' title='bbox 827 1122 865 1158; x_wconf 87' lang='lat' dir='ltr'>in</span> <span class='ocrx_word' id='word_1_49' title='bbox 877 1133 955 1158; x_wconf 84' lang='lat' dir='ltr'>cor·</span> <span class='ocrx_word' id='word_1_50' title='bbox 984 1122 1084 1138; x_wconf 54' lang='lat'>‘&#39;⁸⁸⁰¹&#39;‘</span> 
     </span>
     <span class='ocr_line' id='line_1_9' title="bbox 484 1179 956 1226; baseline 0 -12"><span class='ocrx_word' id='word_1_51' title='bbox 484 1190 573 1225; x_wconf 89' lang='lat' dir='ltr'>pore</span> <span class='ocrx_word' id='word_1_52' title='bbox 586 1179 771 1222; x_wconf 85' lang='lat' dir='ltr'>subtili,ut</span> <span class='ocrx_word' id='word_1_53' title='bbox 789 1179 824 1214; x_wconf 89' lang='lat' dir='ltr'>in</span> <span class='ocrx_word' id='word_1_54' title='bbox 839 1179 956 1226; x_wconf 84' lang='lat' dir='ltr'>figura</span> 
     </span>
     <span class='ocr_line' id='line_1_10' title="bbox 483 1236 953 1283; baseline 0.002 -12"><span class='ocrx_word' id='word_1_55' title='bbox 483 1242 598 1283; x_wconf 87' lang='lat' dir='ltr'>patet.</span> <span class='ocrx_word' id='word_1_56' title='bbox 639 1236 714 1273; x_wconf 89' lang='lat' dir='ltr'>Sed</span> <span class='ocrx_word' id='word_1_57' title='bbox 731 1236 815 1273; x_wconf 83' lang='lat' dir='ltr'>licet</span> <span class='ocrx_word' id='word_1_58' title='bbox 829 1238 865 1272; x_wconf 87' lang='lat' dir='ltr'>in</span> <span class='ocrx_word' id='word_1_59' title='bbox 876 1248 953 1273; x_wconf 89' lang='lat' dir='ltr'>cor-</span> 
     </span>
     <span class='ocr_line' id='line_1_11' title="bbox 483 1294 955 1339; baseline 0.002 -10"><span class='ocrx_word' id='word_1_60' title='bbox 483 1294 632 1339; x_wconf 85' lang='lat' dir='ltr'>poribus</span> <span class='ocrx_word' id='word_1_61' title='bbox 645 1294 771 1330; x_wconf 88' lang='lat' dir='ltr'>mundi</span> <span class='ocrx_word' id='word_1_62' title='bbox 786 1305 858 1330; x_wconf 92' lang='lat' dir='ltr'>non</span> <span class='ocrx_word' id='word_1_63' title='bbox 870 1300 955 1330; x_wconf 89' lang='lat' dir='ltr'>sunt</span> 
     </span>
     <span class='ocr_line' id='line_1_12' title="bbox 482 1352 956 1397; baseline 0.002 -10"><span class='ocrx_word' id='word_1_64' title='bbox 482 1352 692 1397; x_wconf 86' lang='lat' dir='ltr'>hujusmodi</span> <span class='ocrx_word' id='word_1_65' title='bbox 715 1352 906 1388; x_wconf 81' lang='lat' dir='ltr'>fractiones</span> <span class='ocrx_word' id='word_1_66' title='bbox 932 1364 956 1388; x_wconf 85' lang='lat' dir='ltr'>a</span> 
     </span>
     <span class='ocr_line' id='line_1_13' title="bbox 483 1410 955 1456; baseline 0.002 -12"><span class='ocrx_word' id='word_1_67' title='bbox 483 1410 592 1445; x_wconf 88' lang='lat' dir='ltr'>rebus</span> <span class='ocrx_word' id='word_1_68' title='bbox 620 1410 746 1456; x_wconf 86' lang='lat' dir='ltr'>positis</span> <span class='ocrx_word' id='word_1_69' title='bbox 774 1410 810 1445; x_wconf 87' lang='lat' dir='ltr'>in</span> <span class='ocrx_word' id='word_1_70' title='bbox 835 1410 955 1446; x_wconf 89' lang='lat' dir='ltr'>medio</span> 
     </span>
     <span class='ocr_line' id='line_1_14' title="bbox 483 1466 1756 1514; baseline 0 -12"><span class='ocrx_word' id='word_1_71' title='bbox 483 1466 578 1502; x_wconf 86' lang='lat' dir='ltr'>ultra</span> <span class='ocrx_word' id='word_1_72' title='bbox 611 1473 788 1512; x_wconf 83' lang='lat' dir='ltr'>centrum,</span> <span class='ocrx_word' id='word_1_73' title='bbox 823 1473 887 1502; x_wconf 89' lang='lat' dir='ltr'>aut</span> <span class='ocrx_word' id='word_1_74' title='bbox 921 1479 994 1502; x_wconf 90' lang='lat' dir='ltr'>non</span> <span class='ocrx_word' id='word_1_75' title='bbox 1024 1468 1117 1503; x_wconf 88' lang='lat' dir='ltr'>bene</span> <span class='ocrx_word' id='word_1_76' title='bbox 1147 1466 1334 1513; x_wconf 78' lang='lat' dir='ltr'>possibiles</span> <span class='ocrx_word' id='word_1_77' title='bbox 1359 1474 1510 1514; x_wconf 88' lang='lat' dir='ltr'>propter</span> <span class='ocrx_word' id='word_1_78' title='bbox 1535 1468 1756 1504; x_wconf 78' lang='lat' dir='ltr'>densitatem</span> 
     </span>
     <span class='ocr_line' id='line_1_15' title="bbox 482 1524 1755 1571; baseline 0.001 -11"><span class='ocrx_word' id='word_1_79' title='bbox 482 1531 612 1568; x_wconf 87' lang='lat' dir='ltr'>terrae,</span> <span class='ocrx_word' id='word_1_80' title='bbox 629 1531 752 1561; x_wconf 89' lang='lat' dir='ltr'>tamen</span> <span class='ocrx_word' id='word_1_81' title='bbox 774 1525 811 1560; x_wconf 90' lang='lat' dir='ltr'>in</span> <span class='ocrx_word' id='word_1_82' title='bbox 829 1525 909 1561; x_wconf 81' lang='lat' dir='ltr'>aliis</span> <span class='ocrx_word' id='word_1_83' title='bbox 925 1525 1141 1571; x_wconf 84' lang='lat' dir='ltr'>corporibus</span> <span class='ocrx_word' id='word_1_84' title='bbox 1157 1524 1496 1571; x_wconf 79' lang='lat' dir='ltr'>sphaericis·positis</span> <span class='ocrx_word' id='word_1_85' title='bbox 1513 1525 1548 1560; x_wconf 88' lang='lat' dir='ltr'>in</span> <span class='ocrx_word' id='word_1_86' title='bbox 1566 1524 1697 1568; x_wconf 86' lang='lat' dir='ltr'>medio,</span> <span class='ocrx_word' id='word_1_87' title='bbox 1715 1532 1755 1561; x_wconf 87' lang='lat' dir='ltr'>ut</span> 
     </span>
     <span class='ocr_line' id='line_1_16' title="bbox 481 1582 1754 1629; baseline 0.001 -12"><span class='ocrx_word' id='word_1_88' title='bbox 481 1587 569 1617; x_wconf 84' lang='lat' dir='ltr'>sunt</span> <span class='ocrx_word' id='word_1_89' title='bbox 601 1582 706 1626; x_wconf 86' lang='lat' dir='ltr'>vitra,</span> <span class='ocrx_word' id='word_1_90' title='bbox 737 1582 964 1629; x_wconf 83' lang='lat' dir='ltr'>crystallum,</span> <span class='ocrx_word' id='word_1_91' title='bbox 996 1587 1034 1618; x_wconf 88' lang='lat' dir='ltr'>et</span> <span class='ocrx_word' id='word_1_92' title='bbox 1072 1594 1225 1629; x_wconf 87' lang='lat' dir='ltr'>vapores</span> <span class='ocrx_word' id='word_1_93' title='bbox 1263 1582 1450 1627; x_wconf 82' lang='lat' dir='ltr'>sphaerici,</span> <span class='ocrx_word' id='word_1_94' title='bbox 1481 1593 1638 1628; x_wconf 90' lang='lat' dir='ltr'>quorum</span> <span class='ocrx_word' id='word_1_95' title='bbox 1671 1594 1754 1618; x_wconf 89' lang='lat' dir='ltr'>cen-</span> 
     </span>
     <span class='ocr_line' id='line_1_17' title="bbox 481 1640 1754 1687; baseline 0 -11"><span class='ocrx_word' id='word_1_96' title='bbox 481 1646 581 1676; x_wconf 87' lang='lat' dir='ltr'>trum</span> <span class='ocrx_word' id='word_1_97' title='bbox 619 1651 691 1676; x_wconf 89' lang='lat' dir='ltr'>non</span> <span class='ocrx_word' id='word_1_98' title='bbox 725 1646 780 1676; x_wconf 85' lang='lat' dir='ltr'>est</span> <span class='ocrx_word' id='word_1_99' title='bbox 812 1646 977 1677; x_wconf 81' lang='lat' dir='ltr'>centrum</span> <span class='ocrx_word' id='word_1_100' title='bbox 1008 1640 1145 1683; x_wconf 85' lang='lat' dir='ltr'>mundi,</span> <span class='ocrx_word' id='word_1_101' title='bbox 1168 1645 1206 1676; x_wconf 89' lang='lat' dir='ltr'>et</span> <span class='ocrx_word' id='word_1_102' title='bbox 1246 1640 1468 1686; x_wconf 83' lang='lat' dir='ltr'>hujusmodi,</span> <span class='ocrx_word' id='word_1_103' title='bbox 1493 1640 1663 1687; x_wconf 88' lang='lat' dir='ltr'>possibile</span> <span class='ocrx_word' id='word_1_104' title='bbox 1697 1646 1754 1676; x_wconf 86' lang='lat' dir='ltr'>est</span> 
     </span>
    </p>
   </div>
   <div class='ocr_carea' id='block_1_4' title="bbox 1076 982 1753 1389">
    <p class='ocr_par' dir='ltr' id='par_1_4' title="bbox 1076 982 1753 1389">
     <span class='ocr_line' id='line_1_18' title="bbox 1093 982 1753 1047; baseline 0 2533"><span class='ocrx_word' id='word_1_105' title='bbox 1093 982 1753 1047; x_wconf 95' lang='lat' dir='ltr'> </span> 
     </span>
     <span class='ocr_line' id='line_1_19' title="bbox 1076 1047 1753 1389; baseline 0 -275"><span class='ocrx_word' id='word_1_106' title='bbox 1076 1047 1753 1389; x_wconf 95' lang='lat' dir='ltr'>     </span> 
     </span>
    </p>
   </div>
   <div class='ocr_carea' id='block_1_5' title="bbox 1292 1401 1435 1436">
    <p class='ocr_par' dir='ltr' id='par_1_5' title="bbox 1292 1401 1435 1436">
     <span class='ocr_line' id='line_1_20' title="bbox 1292 1401 1435 1436; baseline 0 -7"><span class='ocrx_word' id='word_1_107' title='bbox 1292 1401 1358 1429; x_wconf 72' lang='lat' dir='ltr'>Ftc.</span> <span class='ocrx_word' id='word_1_108' title='bbox 1375 1409 1435 1436; x_wconf 79' lang='lat'><strong>¹04·</strong></span> 
     </span>
    </p>
   </div>
   <div class='ocr_carea' id='block_1_6' title="bbox 450 1757 1770 2442">
    <p class='ocr_par' dir='ltr' id='par_1_6' title="bbox 450 1757 1770 2442">
     <span class='ocr_line' id='line_1_21' title="bbox 450 1757 1770 2442; baseline 0 1138"><span class='ocrx_word' id='word_1_109' title='bbox 450 1757 1770 2442; x_wconf 95' lang='lat' dir='ltr'> </span> 
     </span>
    </p>
   </div>
   <div class='ocr_carea' id='block_1_7' title="bbox 721 2456 1521 2493">
    <p class='ocr_par' dir='ltr' id='par_1_7' title="bbox 721 2456 1521 2493">
     <span class='ocr_line' id='line_1_22' title="bbox 721 2456 1521 2493; baseline -0.001 -8"><span class='ocrx_word' id='word_1_110' title='bbox 721 2457 789 2485; x_wconf 75' lang='lat' dir='ltr'>Flo.</span> <span class='ocrx_word' id='word_1_111' title='bbox 804 2464 864 2493; x_wconf 81' lang='lat'><strong>¹05·</strong></span> <span class='ocrx_word' id='word_1_112' title='bbox 1378 2457 1444 2485; x_wconf 70' lang='lat' dir='ltr'>Fxo.</span> <span class='ocrx_word' id='word_1_113' title='bbox 1460 2456 1521 2485; x_wconf 80' lang='lat'>106.</span> 
     </span>
    </p>
   </div>
   <div class='ocr_carea' id='block_1_8' title="bbox 479 2559 1756 3012">
    <p class='ocr_par' dir='ltr' id='par_1_8' title="bbox 479 2559 1756 3012">
     <span class='ocr_line' id='line_1_23' title="bbox 481 2559 1755 2606; baseline -0.002 -8"><span class='ocrx_word' id='word_1_114' title='bbox 481 2562 558 2598; x_wconf 80' lang='lat' dir='ltr'>fieri</span> <span class='ocrx_word' id='word_1_115' title='bbox 583 2562 709 2598; x_wconf 84' lang='lat' dir='ltr'>ambas</span> <span class='ocrx_word' id='word_1_116' title='bbox 735 2559 936 2604; x_wconf 77' lang='lat' dir='ltr'>fractiones,</span> <span class='ocrx_word' id='word_1_117' title='bbox 955 2561 1155 2596; x_wconf 88' lang='lat' dir='ltr'>secundum</span> <span class='ocrx_word' id='word_1_118' title='bbox 1180 2561 1280 2606; x_wconf 87' lang='lat' dir='ltr'>quod</span> <span class='ocrx_word' id='word_1_119' title='bbox 1310 2571 1368 2596; x_wconf 86' lang='lat' dir='ltr'>res</span> <span class='ocrx_word' id='word_1_120' title='bbox 1397 2567 1581 2606; x_wconf 88' lang='lat' dir='ltr'>ponuntur</span> <span class='ocrx_word' id='word_1_121' title='bbox 1608 2572 1656 2595; x_wconf 88' lang='lat' dir='ltr'>ex</span> <span class='ocrx_word' id='word_1_122' title='bbox 1682 2571 1755 2595; x_wconf 87' lang='lat' dir='ltr'>una</span> 
     </span>
     <span class='ocr_line' id='line_1_24' title="bbox 480 2618 1754 2666; baseline -0.001 -11"><span class='ocrx_word' id='word_1_123' title='bbox 480 2626 589 2666; x_wconf 89' lang='lat' dir='ltr'>parte</span> <span class='ocrx_word' id='word_1_124' title='bbox 622 2620 736 2655; x_wconf 88' lang='lat' dir='ltr'>centri</span> <span class='ocrx_word' id='word_1_125' title='bbox 768 2618 827 2654; x_wconf 89' lang='lat' dir='ltr'>vel</span> <span class='ocrx_word' id='word_1_126' title='bbox 852 2619 932 2655; x_wconf 82' lang='lat' dir='ltr'>alia.</span> <span class='ocrx_word' id='word_1_127' title='bbox 993 2618 1069 2655; x_wconf 83' lang='lat' dir='ltr'>Sed</span> <span class='ocrx_word' id='word_1_128' title='bbox 1098 2619 1134 2654; x_wconf 88' lang='lat' dir='ltr'>in</span> <span class='ocrx_word' id='word_1_129' title='bbox 1168 2618 1285 2665; x_wconf 83' lang='lat' dir='ltr'>planis</span> <span class='ocrx_word' id='word_1_130' title='bbox 1313 2618 1526 2665; x_wconf 85' lang='lat' dir='ltr'>corporibus</span> <span class='ocrx_word' id='word_1_131' title='bbox 1550 2618 1754 2664; x_wconf 84' lang='lat' dir='ltr'>quomodo-</span> 
     </span>
     <span class='ocr_line' id='line_1_25' title="bbox 480 2674 1756 2724; baseline -0.002 -11"><span class='ocrx_word' id='word_1_132' title='bbox 480 2688 629 2724; x_wconf 83' lang='lat' dir='ltr'>cunque</span> <span class='ocrx_word' id='word_1_133' title='bbox 665 2678 843 2713; x_wconf 85' lang='lat' dir='ltr'>situentur</span> <span class='ocrx_word' id='word_1_134' title='bbox 877 2688 1019 2712; x_wconf 84' lang='lat' dir='ltr'>sursum</span> <span class='ocrx_word' id='word_1_135' title='bbox 1055 2676 1110 2712; x_wconf 91' lang='lat' dir='ltr'>vel</span> <span class='ocrx_word' id='word_1_136' title='bbox 1141 2676 1320 2716; x_wconf 80' lang='lat' dir='ltr'>deorsum.</span> <span class='ocrx_word' id='word_1_137' title='bbox 1350 2675 1479 2712; x_wconf 84' lang='lat' dir='ltr'>fractio</span> <span class='ocrx_word' id='word_1_138' title='bbox 1510 2675 1547 2711; x_wconf 90' lang='lat' dir='ltr'>in</span> <span class='ocrx_word' id='word_1_139' title='bbox 1579 2674 1756 2711; x_wconf 83' lang='lat' dir='ltr'>subtiliori</span> 
     </span>
     <span class='ocr_line' id='line_1_26' title="bbox 480 2733 1755 2782; baseline -0.002 -11"><span class='ocrx_word' id='word_1_140' title='bbox 480 2745 633 2782; x_wconf 88' lang='lat' dir='ltr'>corpore</span> <span class='ocrx_word' id='word_1_141' title='bbox 652 2735 815 2771; x_wconf 80' lang='lat' dir='ltr'>secundo</span> <span class='ocrx_word' id='word_1_142' title='bbox 837 2734 974 2770; x_wconf 87' lang='lat' dir='ltr'>recedit</span> <span class='ocrx_word' id='word_1_143' title='bbox 996 2745 1018 2769; x_wconf 90' lang='lat' dir='ltr'>a</span> <span class='ocrx_word' id='word_1_144' title='bbox 1038 2734 1328 2780; x_wconf 86' lang='lat' dir='ltr'>perpendiculari</span> <span class='ocrx_word' id='word_1_145' title='bbox 1345 2744 1441 2780; x_wconf 87' lang='lat' dir='ltr'>quae</span> <span class='ocrx_word' id='word_1_146' title='bbox 1463 2733 1540 2770; x_wconf 83' lang='lat' dir='ltr'>exit</span> <span class='ocrx_word' id='word_1_147' title='bbox 1557 2733 1605 2769; x_wconf 90' lang='lat' dir='ltr'>ab</span> <span class='ocrx_word' id='word_1_148' title='bbox 1624 2733 1755 2769; x_wconf 87' lang='lat' dir='ltr'>eodem</span> 
     </span>
     <span class='ocr_line' id='line_1_27' title="bbox 480 2790 1755 2840; baseline -0.002 -12"><span class='ocrx_word' id='word_1_149' title='bbox 480 2798 632 2840; x_wconf 85' lang='lat' dir='ltr'>puncto,</span> <span class='ocrx_word' id='word_1_150' title='bbox 658 2799 698 2829; x_wconf 88' lang='lat' dir='ltr'>ut</span> <span class='ocrx_word' id='word_1_151' title='bbox 723 2798 826 2840; x_wconf 81' lang='lat' dir='ltr'>patet</span> <span class='ocrx_word' id='word_1_152' title='bbox 851 2791 1032 2839; x_wconf 85' lang='lat' dir='ltr'>figuranti.</span> <span class='ocrx_word' id='word_1_153' title='bbox 1096 2791 1194 2827; x_wconf 86' lang='lat' dir='ltr'>Nam</span> <span class='ocrx_word' id='word_1_154' title='bbox 1224 2791 1347 2839; x_wconf 88' lang='lat' dir='ltr'>posito</span> <span class='ocrx_word' id='word_1_155' title='bbox 1378 2790 1558 2828; x_wconf 84' lang='lat' dir='ltr'>subtiliori</span> <span class='ocrx_word' id='word_1_156' title='bbox 1590 2791 1755 2837; x_wconf 86' lang='lat' dir='ltr'>superius</span> 
     </span>
     <span class='ocr_line' id='line_1_28' title="bbox 479 2847 1756 2897; baseline -0.003 -10"><span class='ocrx_word' id='word_1_157' title='bbox 479 2856 587 2897; x_wconf 85' lang='lat' dir='ltr'>patet</span> <span class='ocrx_word' id='word_1_158' title='bbox 604 2851 705 2896; x_wconf 90' lang='lat' dir='ltr'>quod</span> <span class='ocrx_word' id='word_1_159' title='bbox 722 2850 843 2886; x_wconf 88' lang='lat' dir='ltr'>radius</span> <span class='ocrx_word' id='word_1_160' title='bbox 859 2862 884 2886; x_wconf 88' lang='lat' dir='ltr'>a</span> <span class='ocrx_word' id='word_1_161' title='bbox 900 2850 921 2886; x_wconf 79' lang='lat' dir='ltr'><em>b</em></span> <span class='ocrx_word' id='word_1_162' title='bbox 944 2849 1079 2885; x_wconf 84' lang='lat' dir='ltr'>fractus</span> <span class='ocrx_word' id='word_1_163' title='bbox 1098 2850 1234 2886; x_wconf 87' lang='lat' dir='ltr'>recedit</span> <span class='ocrx_word' id='word_1_164' title='bbox 1256 2861 1278 2885; x_wconf 87' lang='lat' dir='ltr'>a</span> <span class='ocrx_word' id='word_1_165' title='bbox 1298 2847 1585 2895; x_wconf 87' lang='lat' dir='ltr'>perpendiculari</span> <span class='ocrx_word' id='word_1_166' title='bbox 1607 2860 1632 2884; x_wconf 90' lang='lat' dir='ltr'>a</span> <span class='ocrx_word' id='word_1_167' title='bbox 1646 2848 1676 2883; x_wconf 87' lang='lat' dir='ltr'>d</span> <span class='ocrx_word' id='word_1_168' title='bbox 1684 2855 1707 2891; x_wconf 72' lang='grc' dir='ltr'>ς·</span> <span class='ocrx_word' id='word_1_169' title='bbox 1718 2853 1756 2883; x_wconf 89' lang='lat' dir='ltr'>et</span> 
     </span>
     <span class='ocr_line' id='line_1_29' title="bbox 481 2906 1756 2955; baseline -0.004 -10"><span class='ocrx_word' id='word_1_170' title='bbox 481 2909 607 2955; x_wconf 83' lang='lat' dir='ltr'>posito</span> <span class='ocrx_word' id='word_1_171' title='bbox 632 2908 782 2944; x_wconf 82' lang='lat' dir='ltr'>inferius</span> <span class='ocrx_word' id='word_1_172' title='bbox 807 2913 909 2954; x_wconf 85' lang='lat' dir='ltr'>patet</span> <span class='ocrx_word' id='word_1_173' title='bbox 924 2907 994 2953; x_wconf 84' lang='lat' dir='ltr'>fg</span> <span class='ocrx_word' id='word_1_174' title='bbox 1017 2907 1157 2942; x_wconf 86' lang='lat' dir='ltr'>radium</span> <span class='ocrx_word' id='word_1_175' title='bbox 1184 2906 1339 2943; x_wconf 80' lang='lat' dir='ltr'>fractum</span> <span class='ocrx_word' id='word_1_176' title='bbox 1364 2907 1532 2942; x_wconf 87' lang='lat' dir='ltr'>recedere</span> <span class='ocrx_word' id='word_1_177' title='bbox 1556 2917 1578 2942; x_wconf 91' lang='lat' dir='ltr'>a</span> <span class='ocrx_word' id='word_1_178' title='bbox 1601 2916 1756 2952; x_wconf 85' lang='lat' dir='ltr'>perpen-</span> 
     </span>
     <span class='ocr_line' id='line_1_30' title="bbox 479 2965 718 3012; baseline -0.004 -10"><span class='ocrx_word' id='word_1_179' title='bbox 479 2965 632 3003; x_wconf 83' lang='lat' dir='ltr'>diculari</span> <span class='ocrx_word' id='word_1_180' title='bbox 645 2966 681 3012; x_wconf 83' lang='lat' dir='ltr'><em>f</em></span> <span class='ocrx_word' id='word_1_181' title='bbox 689 2977 718 3002; x_wconf 84' lang='lat' dir='ltr'>e.</span> 
     </span>
    </p>
   </div>
  </div>
 </body>
</html>
