2350 3580
622 492 691 527 440
917 480 1289 517 MULTJPLICATIO
1313 481 1596 516 SPECJERUM.

625 579 793 609 naturam
811 579 849 609 et
865 573 1105 620 simpliciter;
1128 584 1216 610 narn
1234 572 1304 608 hoc
1327 572 1462 609 sufficit
1482 583 1570 608 suae
1592 571 1909 608 demonstrationi

624 636 752 667 contra
768 630 1048 678 Anaxagoram,
1064 630 1127 677 qui
1154 631 1277 677 posuit
1298 631 1422 666 omnia
1443 641 1524 666 esse
1544 630 1582 667 in
1605 629 1795 676 quolibet,
1813 635 1856 665 ut
1874 630 1909 664 in

625 699 723 735 aqua
754 699 834 725 esse
867 689 1003 735 ignem,
1036 695 1074 724 et
1105 699 1263 731 carnem,
1289 694 1328 724 et
1354 699 1406 731 os,
1429 692 1468 723 et
1493 693 1638 724 caetera
1662 687 1823 731 omnia;
1847 687 1910 723 sed

625 742 883 782 denominatur
907 746 1025 792 magis
1049 757 1072 782 a
1096 756 1172 791 quo
1196 745 1399 781 secundum
1423 756 1569 781 sensum
1593 745 1749 781 excedit
1776 745 1853 781 alia
1873 750 1910 780 et

624 796 801 839 abundat.
866 803 1013 839 Veritas
1054 803 1165 849 igitur
1205 808 1273 845 est,
1307 802 1407 848 quod
1447 802 1635 838 distinctio
1677 802 1807 838 camis
1837 807 1912 838 stat

625 861 827 897 secundum
858 872 1017 902 sensum,
1046 866 1088 896 ut
1121 860 1242 910 minor
1267 860 1383 907 accipi
1409 871 1483 895 non
1503 860 1620 906 possit
1646 858 1852 902 sensibilis,
1874 865 1933 896 et-

626 918 678 954 sie
694 918 743 954 de
758 929 976 965 quacunque
992 928 1043 954 re.
1094 917 1321 954 Deveniatur
1341 918 1452 962 igitur
1467 918 1514 953 ad
1538 928 1688 953 carnem
1712 917 1910 953 minimam

625 976 825 1012 secundum
858 986 1015 1018 sensum,
1047 981 1087 1011 et
1122 981 1247 1011 tamen
1291 975 1382 1010 hacc
1417 976 1488 1010 erit
1515 974 1721 1010 secundum
1761 975 1912 1021 quanti-

626 1038 742 1068 tatem
766 1033 984 1069 divisibilem
1008 1039 1045 1069 et
1063 1034 1265 1069 secundum
1288 1032 1543 1073 substantiam,
1561 1032 1645 1068 licet
1663 1043 1824 1068 sensum
1841 1044 1913 1068 non

626 1091 743 1137 possit
772 1091 969 1126 immutare
993 1090 1117 1136 aliqua
1149 1101 1236 1136 pars
1262 1089 1350 1135 ejus.
1399 1089 1615 1136 Accipiatur
1638 1089 1757 1135 igitur
1788 1091 1913 1137 aliqua

598 1184 602 1188 ,
627 1158 712 1194 pars
735 1153 778 1183 ut
803 1148 984 1184 medietas
1000 1148 1057 1189 sit,
1074 1148 1125 1183 ita
1148 1147 1239 1183 haec
1259 1158 1344 1194 pars
1365 1158 1438 1183 non
1462 1147 1574 1183 habet
1590 1147 1774 1183 virtutem
1793 1148 1913 1183 carnis

626 1205 857 1248 sensibilem;
875 1217 964 1251 ergo
981 1216 1065 1241 caro
1083 1215 1157 1240 non
1174 1204 1315 1240 dicetur
1332 1204 1450 1250 magis
1467 1215 1577 1250 quam
1591 1204 1707 1248 aliud,
1716 1205 1812 1251 quia
1829 1216 1913 1253 pars

626 1262 812 1308 quaelibet
837 1263 1097 1298 denominatur
1124 1273 1148 1297 a
1174 1262 1488 1308 superabundanti
1512 1262 1716 1298 secundum
1746 1273 1913 1306 sensum,

627 1325 669 1355 ut
692 1320 814 1366 posuit
839 1319 1099 1366 Anaxagoras.
1148 1318 1384 1366 Quapropter
1402 1329 1477 1355 non
1497 1319 1565 1355 crit
1586 1330 1674 1355 caro
1698 1320 1912 1356 secundum

627 1382 765 1412 rectam
782 1377 1120 1413 denominationem
1146 1377 1274 1419 carnis,
1290 1377 1356 1412 sed
1382 1388 1500 1422 neque
1524 1376 1662 1422 aliquid
1688 1377 1808 1419 aliud,
1826 1379 1913 1424 quia

627 1433 679 1470 nil
703 1434 803 1470 aliud
828 1433 1045 1470 sensibiliter
1069 1435 1106 1469 in
1131 1446 1177 1471 eo
1201 1440 1324 1480 potest
1348 1434 1598 1476 denominari;
1624 1445 1714 1470 nam
1742 1436 1913 1471 maxime

627 1492 809 1528 videretur
832 1491 903 1528 hoc
928 1493 976 1527 de
1004 1503 1134 1535 carne;
1167 1503 1281 1538 quare
1304 1502 1377 1527 non
1403 1497 1510 1527 erunt
1539 1491 1662 1527 omnia
1693 1491 1733 1527 in
1759 1502 1822 1533 eo,
1845 1503 1913 1528 nec

628 1549 847 1596 principium
868 1549 1058 1586 materiale
1078 1549 1145 1586 erit
1167 1549 1203 1585 in
1224 1560 1298 1596 quo
1318 1554 1405 1585 sunt
1427 1549 1562 1590 omnia,
1579 1559 1648 1584 nec
1667 1548 1815 1595 aliquid
1833 1550 1913 1593 erit,

628 1612 666 1642 et
690 1607 743 1642 sic
766 1607 963 1643 destruitur
988 1607 1123 1654 positio
1146 1606 1409 1653 Anaxagorae,
1431 1606 1494 1653 qui
1521 1605 1644 1652 posuit
1670 1607 1802 1642 omnia
1832 1618 1912 1643 esse

629 1664 665 1699 in
694 1664 872 1710 quolibet,
897 1665 998 1711 quod
1026 1664 1285 1701 denominatur
1309 1676 1333 1700 a
1361 1662 1674 1711 superabundanti
1703 1665 1912 1701 secuudum

627 1732 786 1762 sensum,
811 1728 849 1758 et
874 1722 927 1757 sic
951 1722 1064 1758 habet
1087 1721 1240 1768 intelligi
1258 1722 1497 1768 pertractatio
1522 1721 1674 1757 rationis
1691 1720 1911 1758 Aristotelis

629 1779 667 1814 in
700 1778 764 1815 illo
797 1779 890 1821 loco,
923 1786 961 1816 et
1002 1780 1143 1816 dictum
1184 1780 1485 1816 commentatoris
1519 1779 1654 1815 ibidem
1697 1779 1816 1816 habet
1858 1780 1910 1815 sic

628 1836 775 1882 exponi.
826 1836 937 1883 Quod
960 1837 1142 1883 allegatur
1163 1847 1213 1872 ex
1238 1837 1311 1873 fine
1335 1837 1439 1873 libri¹
1465 1837 1512 1873 de
1538 1836 1655 1873 Sensu
1681 1842 1721 1872 et
1747 1836 1912 1873 Sensato

628 1893 719 1929 nihil
745 1899 811 1935 est,
830 1905 916 1929 nam
942 1894 992 1930 ibi
1016 1894 1180 1940 loquitur
1195 1894 1243 1930 de
1264 1896 1411 1930 actione
1436 1896 1472 1930 in
1493 1905 1653 1937 sensum,
1671 1900 1712 1929 ut
1729 1901 1839 1940 patet
1862 1906 1911 1930 ex

628 1952 989 1988 contradistinctione
1007 1952 1099 1994 libri,
1117 1952 1204 1998 quia
1220 1952 1382 1998 loquitur
1398 1953 1444 1988 de
1464 1951 1694 1988 sensibilibus
1711 1952 1912 1998 agentibus

629 2009 666 2044 in
682 2019 842 2045 sensum.
893 2009 944 2045 Et
961 2010 1055 2046 bene
1076 2011 1354 2046 concedendum
1377 2015 1434 2046 est
1453 2009 1553 2055 quod
1577 2008 1714 2055 aliquid
1734 2010 1912 2045 sensibile

630 2072 753 2113 potest
793 2078 874 2103 esse
909 2073 987 2103 tam
1023 2078 1159 2114 parvae
1194 2067 1422 2114 quantitatis,
1455 2077 1551 2113 quae
1583 2077 1658 2101 non
1691 2066 1912 2103 immutabit

630 2134 800 2168 sensum;
825 2130 864 2160 et
882 2130 1007 2160 tamen
1025 2124 1196 2161 alterabit
1218 2135 1340 2160 aerem
1364 2130 1403 2160 et
1425 2133 1582 2165 sensum,
1599 2124 1663 2158 sed
1684 2134 1816 2159 sensus
1835 2135 1911 2160 non

629 2182 805 2228 percipiet
819 2193 828 2225 ;
846 2188 884 2218 et
896 2193 1024 2218 sensus
1034 2183 1305 2229 perceptionem
1317 2182 1471 2218 dicimus
1486 2179 1566 2225 ejus
1583 2180 1893 2218 immutationem.

442 2247 504 2275 The
679 2238 790 2285 Quod
809 2250 897 2274 vero
912 2238 1097 2276 Averroes
1113 2240 1193 2275 vult
1212 2240 1374 2275 secundo
1398 2238 1503 2275 Coeli
1526 2243 1564 2274 et
1586 2238 1729 2280 Mundi,
1749 2244 1788 2274 et
1813 2238 1914 2283 alibi,

444 2318 562 2356 putide
574 2318 608 2346 or
630 2296 731 2343 quod
745 2301 853 2340 terra,
863 2296 920 2332 vel
933 2296 1045 2342 aliud,
1054 2308 1127 2333 non
1143 2296 1256 2333 habet
1268 2296 1428 2343 speciem
1438 2296 1497 2332 vel
1508 2296 1691 2332 actionem
1704 2302 1825 2332 terrae
1839 2297 1913 2332 nisi

442 2354 606 2429 ἓξὲἷω
632 2353 668 2390 in
685 2354 892 2400 quantitate
904 2355 1040 2398 debita,
1050 2360 1174 2401 potest
1187 2355 1247 2390 hic
1264 2354 1418 2400 intelligi
1436 2355 1484 2390 ad
1502 2354 1684 2391 actionem
1702 2364 1777 2389 non
1794 2354 1914 2401 impe-

630 2457 676 2485 sor
699 2457 776 2485 their
799 2465 919 2492 organa:
951 2457 1008 2485 and
1033 2457 1072 2485 he
1096 2457 1123 2486 is
1146 2458 1232 2492 using
1254 2458 1313 2486 this
1337 2457 1486 2487 inserenee
1509 2467 1543 2487 ιι
1566 2467 1603 2486 ιιι
1621 2460 1771 2492 argument
1797 2457 1915 2492 against

631 2499 824 2535 Anaxagoras
833 2501 909 2528 view
922 2501 983 2528 that
996 2501 1074 2536 body
1083 2502 1228 2530 consisted
1242 2502 1274 2529 os
1282 2502 1426 2537 infinitely
1435 2503 1517 2530 small
1528 2502 1585 2530 and
1598 2500 1742 2535 infinitely
1753 2509 1917 2529 numerous

630 2544 778 2571 elementa
818 2544 942 2572 Baeon's
953 2545 1036 2579 point
1047 2553 1143 2572 seems
1154 2550 1185 2572 ω
1196 2545 1234 2572 be
1244 2546 1314 2580 that,
1326 2545 1415 2573 while
1424 2546 1541 2580 organie
1550 2545 1650 2577 timue,
1658 2544 1715 2571 like
1727 2552 1818 2578 every
1826 2545 1916 2572 other

629 2587 702 2615 form
715 2586 749 2613 or
756 2591 867 2622 matter,
884 2587 909 2615 ia
921 2588 1066 2623 infinitely
1078 2588 1218 2622 divisible,
1231 2592 1282 2623 yet
1293 2588 1409 2624 beyond
1421 2597 1439 2616 a
1452 2589 1561 2616 certain
1578 2593 1659 2622 suge
1670 2586 1704 2615 of
1712 2586 1837 2614 divi-ion
1851 2587 1876 2616 it
1888 2590 1916 2616 is

631 2630 898 2665 indistinguishnble
909 2631 982 2659 from
994 2631 1144 2667 inor-gun:
1156 2636 1267 2661 matter.

667 2672 676 2688 ¹
696 2673 740 2702 Cf.
756 2672 1915 2710 DeSemnSmnReap„7bnnr3d00qrdvnivlorlp67rOoraedostlm

629 2716 780 2753 Mum
791 2717 929 2753 αἰσθητόν,
943 2718 1037 2754 δῆλον,
1051 2723 1081 2747 et
1093 2727 1154 2754 neq.
