2350 3580
599 735 665 769 126
860 736 1033 769 OPERIS
1057 736 1268 776 MAJORIS
1294 736 1421 770 PARS
1447 736 1637 777 QUINTA.

599 823 772 859 habentes
787 823 880 859 situs
896 823 1058 859 diversos
1074 823 1212 860 faciunt
1230 824 1368 869 species
1385 824 1423 859 in
1441 829 1565 870 partes
1582 824 1746 860 diversas
1765 823 1876 866 oculi,

599 886 637 917 et
661 887 812 917 causant
838 880 1046 926 passionem
1072 891 1169 927 quae
1192 881 1292 917 dicta
1316 886 1383 917 est.
1433 881 1474 918 Si
1497 892 1584 918 vero
1609 881 1752 918 dicatur
1774 882 1875 928 quod

599 939 688 974 radii
724 939 888 975 omnium
921 938 1110 975 stellarum
1144 942 1183 976 et
1218 939 1451 984 planetarum
1485 945 1676 976 transeunt
1717 939 1769 975 sie
1807 950 1877 985 per

599 996 762 1031 medium
781 995 1001 1037 tremulum3
1026 996 1224 1031 dicendum
1242 997 1343 1042 quod
1365 996 1458 1032 aliae
1485 997 1645 1032 rationes
1667 997 1716 1032 de
1738 1002 1876 1032 conatu

598 1052 695 1088 oculi
712 1058 752 1089 et
775 1052 971 1100 splendore
992 1053 1043 1089 rei
1061 1053 1160 1089 visne
1183 1054 1328 1094 desunt,
1350 1053 1551 1090 secundum
1576 1053 1676 1100 quod
1702 1065 1751 1089 ex
1776 1053 1878 1089 solu-

598 1110 761 1146 tionibus
777 1110 1028 1156 objectionum
1050 1110 1283 1146 manifestum
1302 1115 1370 1146 est.

413 1176 438 1203 11
453 1176 564 1211 maybe
649 1168 711 1204 Ex
737 1168 910 1204 omnibus
933 1168 990 1203 his
1012 1168 1134 1214 colligi
1160 1173 1285 1214 potest
1310 1179 1419 1204 causa
1443 1168 1720 1210 scintillationis.
1743 1179 1872 1214 quam·

410 1212 527 1276 &2:¹¹
598 1225 655 1261 vis
686 1237 770 1262 cum
797 1225 1012 1262 difficultate
1043 1231 1194 1272 propte:
1225 1225 1345 1261 varias
1368 1225 1596 1271 objectiones
1632 1232 1875 1262 occurrentes.

410 1293 508 1312 enum
599 1283 759 1330 Oportet
783 1283 881 1319 enim
908 1283 1008 1329 quod
1034 1294 1057 1318 a
1083 1289 1189 1330 parte
1213 1283 1311 1319 oculi
1332 1283 1383 1319 sit
1407 1289 1563 1320 conatus
1588 1289 1738 1330 propter
1763 1294 1871 1330 quern

408 1325 581 1357 co-opente.
599 1340 803 1376 involvitur.
866 1340 965 1375 Nam
999 1346 1151 1386 propter
1185 1352 1270 1376 eum
1310 1341 1444 1376 accidit
1485 1341 1667 1388 superflua
1701 1341 1874 1376 resolutio

598 1399 790 1444 spirituum
819 1403 857 1434 et
881 1398 1042 1433 calorum
1069 1399 1281 1444 cogentium
1308 1398 1481 1434 humores
1498 1399 1594 1434 oculi
1618 1400 1742 1445 egredi
1760 1399 1874 1434 asitu

598 1455 765 1499 naturali,
795 1461 832 1491 et
861 1455 1097 1492 nihilominus
1125 1467 1174 1490 ex
1208 1462 1340 1491 conatu
1370 1462 1427 1492 est
1455 1456 1677 1501 compressio
1711 1455 1807 1492 oculi
1837 1463 1875 1492 et

598 1513 821 1557 constrictio,
847 1524 896 1548 ex
921 1513 1054 1558 quibus
1080 1519 1205 1558 partes
1232 1513 1327 1548 oculi
1355 1524 1430 1548 non
1463 1520 1590 1550 tenent
1614 1514 1726 1550 situm
1754 1525 1874 1550 suum.

599 1570 737 1606 Iterum
765 1571 873 1606 tertio
899 1572 1012 1606 oritur
1037 1582 1086 1606 ex
1111 1571 1183 1606 hoc
1212 1572 1390 1607 abscissio
1413 1572 1576 1614 visionis,
1599 1577 1749 1617 propter
1774 1572 1874 1617 quod

597 1630 741 1665 visibile
775 1634 929 1675 apparet
961 1630 1072 1664 situm
1110 1634 1263 1672 mutare,
1298 1634 1339 1664 ut
1372 1630 1687 1675 exemplificatum
1720 1635 1777 1666 est
1810 1642 1876 1676 per

597 1686 799 1723 Averroen.
859 1686 933 1722 Hic
966 1697 1054 1732 ergo
1088 1687 1160 1723 tria
1192 1693 1390 1722 causantur
1420 1698 1467 1722 ex
1502 1693 1636 1723 conatu
1672 1687 1776 1729 oculi,
1809 1688 1874 1734 qui

598 1750 752 1782 conatus
777 1750 946 1781 causatur
970 1755 1043 1778 non
1068 1744 1191 1780 solum
1215 1755 1265 1780 ex
1290 1745 1483 1781 debilitate
1507 1745 1652 1781 virtutis
1674 1746 1809 1782 visivae
1836 1751 1876 1782 et

599 1803 732 1849 speciei
766 1808 917 1848 propter
950 1803 1146 1838 distantiae
1173 1803 1379 1845 veritatem,
1412 1803 1474 1837 sed
1510 1807 1661 1848 propter
1692 1803 1873 1847 judicium

599 1860 808 1907 apparentis
837 1860 1042 1902 distantiae,
1072 1866 1110 1896 et
1138 1859 1222 1895 ideo
1252 1860 1501 1895 abundantius
1527 1866 1681 1896 conatur
1705 1860 1752 1895 ad
1778 1859 1876 1896 fixas

597 1929 710 1965 quam
739 1918 786 1952 acl
817 1918 984 1964 planetas
1008 1917 1234 1963 splendidos,
1262 1929 1354 1964 quos
1385 1928 1498 1964 prope
1523 1918 1694 1953 aestimat
1723 1924 1876 1965 propter

601 1975 824 2021 superfluum
846 1975 1089 2021 splendorem.
1142 1974 1218 2010 Sed
1243 1987 1316 2010 non
1341 1975 1461 2010 solum
1487 1975 1556 2010 iste
1581 1981 1734 2010 conatus
1754 1976 1876 2022 requi·

599 2034 701 2075 titur,
724 2034 788 2068 sed
815 2033 989 2078 splendor
1008 2033 1201 2075 sufficiens,
1219 2045 1241 2067 a
1258 2038 1363 2078 parte
1381 2034 1430 2068 rei
1447 2032 1687 2075 scintillantis,
1707 2034 1794 2079 quia
1816 2045 1874 2068 res

599 2089 802 2126 scintillans
826 2090 970 2126 videtur
984 2090 1105 2135 jacula
1130 2089 1223 2125 lucis
1248 2101 1427 2135 spargere,
1454 2096 1491 2126 et
1514 2091 1598 2126 ideo
1628 2090 1808 2127 Saturnus
1837 2096 1875 2126 et

599 2148 726 2182 stellae
753 2159 886 2194 parvae
908 2158 982 2182 non
1006 2147 1219 2182 scintillant.
1271 2147 1430 2182 Necesse
1456 2148 1605 2192 quidem
1627 2149 1793 2182 similiter
1809 2154 1876 2191 est,

598 2206 699 2251 quod
725 2211 862 2240 tremor
887 2206 994 2240 medii
1021 2206 1079 2245 sit,
1105 2211 1144 2240 ut
1170 2205 1309 2240 dictum
1336 2211 1401 2246 est.
1427 2210 1463 2239 et
1494 2207 1617 2240 omnia
1643 2206 1731 2240 haec
1758 2207 1876 2251 requi-

599 2269 728 2298 runtur
743 2262 791 2298 ad
809 2262 1105 2298 scintillationem
1125 2269 1274 2309 propter
1292 2262 1505 2298 distantiam
1530 2264 1579 2298 rei
1603 2262 1763 2306 visibilis,
1789 2266 1877 2309 quia

601 2331 657 2356 res
684 2321 721 2356 in,
746 2321 872 2356 debita
897 2320 1073 2356 distantia
1097 2321 1216 2367 posita
1239 2331 1312 2356 non
1336 2320 1534 2355 scintillat:
1570 2327 1607 2356 et
1633 2327 1783 2367 propter
1805 2322 1878 2358 hoc

601 2378 823 2414 Aristoteles
852 2379 1027 2414 adscribit
1055 2379 1264 2424 passionem
1295 2377 1542 2423 principaliter
1565 2379 1760 2414 distantiae
1791 2379 1878 2414 licet

604 2435 719 2471 multa
746 2437 982 2472 circumstent
1008 2437 1285 2472 consideranda.
1343 2435 1405 2471 sic
1434 2435 1712 2480 intelligendum
1743 2442 1799 2471 est
1829 2438 1878 2472 de

601 2493 859 2530 scintillatione
878 2494 911 2529 in
930 2494 1161 2536 coelestibus,
1174 2494 1223 2529 de
1241 2504 1312 2538 qua
1330 2493 1492 2538 loquitur
1506 2492 1875 2539 Aristoteles,quam-

601 2551 657 2586 vis
676 2558 799 2586 tamen
815 2552 861 2586 sit
879 2551 1048 2598 specialis
1065 2552 1199 2586 modus
1216 2550 1485 2585 scintillationis
1510 2551 1545 2584 in
1563 2550 1618 2585 his
1636 2551 1876 2594 inferioribus,

601 2609 648 2643 de
666 2620 739 2654 qua
756 2607 901 2643 inferius
919 2609 1072 2643 dicetur.

1030 2725 1285 2762 Ciam-rutum
1315 2725 1413 2762 VIII
1426 2725 1450 2761 ².

410 2837 473 2864 c„
651 2823 700 2857 Et
716 2823 792 2867 jam
818 2823 855 2857 in
881 2821 954 2858 fine
981 2822 1083 2857 istius
1104 2822 1283 2857 sermonis
1308 2822 1354 2856 de
1379 2822 1490 2857 modo
1505 2822 1649 2857 videndi
1674 2825 1876 2859 secundum,

406 2873 526 2937 2223]ss
604 2881 717 2916 lineas
739 2885 855 2915 rectas
875 2886 1020 2926 propter
1037 2886 1111 2915 tres
1129 2881 1261 2915 modos
1283 2879 1439 2921 visionis..
1463 2880 1543 2914 solo
1567 2891 1687 2922 sensu,
1714 2882 1876 2924 scientia,

638 2961 644 2977 ¹
667 2961 757 2987 What
777 2960 888 2986 follows
902 2961 926 2986 is
941 2960 1046 2994 rightly
1059 2960 1175 2986 marked
1190 2960 1232 2986 ofl'
1240 2967 1273 2986 as
1285 2968 1303 2986 a
1316 2960 1430 2986 distinct
1443 2960 1561 2994 chapter
1578 2961 1607 2986 in
1621 2960 1654 2987 Ο.
1694 2962 1739 2987 Αη
1754 2962 1877 2996 entirely
