2350 3580
600 717 648 752 26
854 719 1028 755 OPERIS
1053 718 1263 759 MAJORJS
1289 718 1417 752 PARS
1443 717 1634 760 QUINTA.

961 915 1273 952 DISTINCTIO
1299 915 1540 962 QUARTA.

652 1009 809 1047 Hah-ens
849 1011 1010 1057 capitula
1050 1017 1219 1058 quatuor.
1285 1009 1498 1058 Capitulum
1541 1009 1698 1058 primum
1743 1013 1799 1046 est
1838 1008 1889 1045 de

604 1068 888 1114 proprietatibus
910 1080 1073 1112 torneae,
1090 1068 1288 1114 albuginei,
1304 1074 1342 1104 et
1359 1079 1484 1104 uveae.

1091 1223 1344 1260 cmm-unum
1369 1223 1399 1259 1.

419 1315 538 1347 comen.
649 1295 818 1345 ⁴Tunicae
861 1321 950 1346 vero
987 1314 1023 1346 et
1070 1310 1245 1345 humores
1290 1310 1492 1345 secundum
1536 1309 1703 1345 Alhazen
1742 1309 1887 1345 habent

417 1360 545 1415 ζξὲξξζξ
605 1368 848 1414 proprietates
882 1379 968 1403 suas
999 1367 1212 1410 laudabiles,
1240 1379 1289 1403 ex
1319 1368 1454 1413 quibus
1478 1372 1684 1413 sequuntur
1708 1367 1887 1403 utilitates

420 1432 496 1452 nvea.
604 1425 712 1466 visus.
730 1426 930 1462 secundum
948 1425 1049 1472 quod
1065 1425 1143 1472 ipse
1161 1425 1334 1461 ostendit.
1386 1425 1439 1461 Et
1456 1425 1573 1472 prima
1589 1425 1727 1461 utilitas
1749 1430 1905 1461 comat:

606 1489 672 1524 est,
690 1484 790 1529 quod
808 1483 972 1530 cooperit
991 1482 1157 1519 foramen
1181 1493 1305 1525 uveae,
1323 1493 1370 1519 ne
1392 1482 1525 1518 humor
1547 1483 1766 1528 albugineus
1780 1481 1885 1526 fluat,

606 1545 643 1576 et
664 1545 720 1575 est
737 1540 930 1587 diaphma.
950 1545 990 1574 ut
1008 1545 1196 1575 transeant
1212 1538 1352 1585 species
1376 1537 1466 1574 lucis
1485 1545 1524 1574 et
1545 1538 1676 1574 coloris
1701 1550 1767 1584 per
1788 1550 1886 1583 eam,

606 1597 779 1643 quoniam
795 1608 868 1632 non
888 1602 1077 1633 transeunt
1092 1597 1312 1633 sensibiliter
1334 1596 1401 1631 nisi
1425 1608 1490 1643 per
1510 1597 1705 1642 diaphana,
1722 1602 1764 1632 ut
1783 1595 1886 1642 prius

604 1654 830 1690 verificatum
857 1655 892 1689 in
919 1654 1221 1701 multiplicatione
1245 1654 1447 1701 specierum
1463 1653 1487 1690 ¹.
1538 1653 1732 1689 Fortitudo
1756 1658 1884 1689 autem

605 1712 686 1758 ejus
704 1718 768 1755 est,
786 1718 827 1748 ut
843 1724 917 1747 non
933 1718 1191 1758 corrumpatur
1203 1712 1284 1752 cito,
1299 1712 1472 1757 quoniam
1490 1717 1546 1747 est
1558 1712 1729 1757 exposita
1747 1711 1833 1749 aeri.
1847 1716 1886 1747 et

606 1776 732 1816 potest
750 1771 822 1806 cito
840 1771 1025 1815 corrumpi,
1050 1781 1098 1806 ex
1119 1769 1223 1805 sumo
1245 1774 1283 1805 et
1307 1769 1458 1816 pulvere
1478 1775 1516 1805 et
1541 1769 1727 1810 similibus.
1745 1775 1783 1804 et
1798 1768 1885 1805 ideo

606 1827 720 1864 habet
754 1833 912 1874 quatuor
941 1827 1079 1864 tunicas
1105 1834 1145 1864 ut
1172 1827 1339 1874 superius
1363 1827 1574 1874 expositum
1601 1833 1665 1863 est.
1736 1825 1886 1864 Humor

606 1885 823 1931 albugineus
841 1891 897 1920 est
926 1886 1141 1930 diaphanuS,
1159 1891 1201 1920 ut
1222 1890 1476 1930 pertranseant
1498 1885 1636 1930 species
1656 1884 1692 1919 in
1719 1884 1824 1919 illum
1845 1890 1885 1920 et

608 1943 713 1978 ultra.
782 1943 997 1978 Humiditas
1030 1949 1154 1978 autem
1190 1941 1270 1988 ejus
1308 1949 1374 1985 est,
1411 1949 1450 1977 ut
1483 1953 1629 1988 semper
1662 1943 1885 1978 humefacist

607 2000 799 2036 humorem
817 1999 1019 2046 glacialem.
1038 2005 1074 2036 et
1092 2000 1205 2036 telam
1223 2011 1407 2039 araneam.
1425 2011 1521 2046 quae
1541 1999 1649 2035 valde
1672 1999 1792 2036 tenuis
1813 2005 1885 2041 est,

606 2058 706 2093 unde
725 2069 772 2093 ex
790 2057 901 2093 nimia
920 2058 1083 2094 siccitate
1101 2062 1224 2104 posset
1241 2057 1425 2102 corrumpi
1487 2057 1594 2094 ‘Uvea
1606 2069 1694 2094 vero
1707 2062 1761 2092 est
1780 2057 1885 2102 nigra

608 2120 648 2151 ut
686 2116 722 2150 in
756 2115 932 2161 pluribus,
965 2121 1148 2160 quatenus
1183 2115 1396 2151 obscuretur
1430 2115 1563 2150 humor
1595 2114 1813 2161 albugineus
1846 2119 1885 2150 et

606 2172 768 2219 glacialis
801 2173 852 2208 ita
886 2174 987 2218 quod
1017 2178 1220 2218 appareant
1249 2173 1284 2208 in
1316 2183 1361 2208 ea
1390 2173 1527 2219 species
1564 2171 1652 2208 lucis
1682 2177 1719 2208 et
1751 2171 1886 2208 coloris

607 2229 755 2270 debiles.
772 2230 946 2276 quoniam
966 2230 1030 2266 lux
1050 2230 1176 2267 debilis
1194 2230 1303 2266 valde
1319 2235 1475 2276 apparet
1495 2230 1532 2266 in
1551 2229 1638 2266 locis
1656 2230 1828 2271 obscuris,
1846 2235 1886 2266 et

606 2288 699 2322 latet
717 2287 751 2322 in
770 2287 858 2322 locis
876 2287 1088 2330 luminosis;
1114 2292 1152 2322 et
1175 2293 1232 2322 est
1252 2288 1518 2332 aliquantulum
1538 2287 1649 2327 sortis.
1668 2293 1708 2322 ut
1730 2287 1885 2322 retineat

606 2344 797 2380 humorem
830 2344 1077 2391 albugineum,
1108 2350 1290 2390 quatenus
1316 2356 1387 2380 non
1414 2344 1561 2380 resudet
1589 2356 1638 2380 ex
1665 2356 1709 2380 eo
1734 2344 1887 2390 aliquod

606 2402 792 2444 exterius;
817 2408 855 2438 et
872 2409 928 2438 est
945 2402 1060 2449 spissa
1081 2408 1121 2437 ut
1145 2402 1194 2438 sit
1216 2402 1381 2438 obscura.
1434 2402 1484 2438 Et
1501 2408 1625 2438 tamen
1651 2402 1833 2438 invenitur
1847 2402 1887 2438 in

605 2460 719 2495 oculis
761 2460 950 2495 hominum
983 2460 1181 2507 aliquando
1216 2459 1359 2507 glauca,
1392 2465 1429 2494 et
1470 2460 1655 2495 multoties
1697 2460 1733 2494 in
1769 2459 1888 2496 oculis

606 2528 797 2563 equorum,
810 2523 847 2552 et
865 2517 933 2552 hoc
950 2522 1017 2559 est,
1030 2518 1117 2563 quia
1132 2517 1232 2553 calor
1250 2517 1423 2553 naturalis
1441 2529 1515 2552 non
1529 2517 1648 2563 potuit
1665 2516 1889 2553 sufficienter

606 2575 769 2621 digerere
801 2575 991 2610 materiam
1027 2585 1140 2610 uveae
1172 2575 1231 2610 vel
1269 2575 1474 2617 humorum,
1507 2581 1545 2610 et
1581 2575 1665 2611 ideo
1694 2574 1887 2611 albescunt

605 2633 883 2679 aliquantulum,
912 2633 999 2678 quia
1023 2633 1119 2669 actio
1145 2633 1274 2666 caloris
1296 2632 1490 2678 digerentis
1515 2633 1645 2667 debilis
1669 2633 1705 2667 in
1732 2632 1887 2669 humido

605 2695 659 2726 est
670 2701 781 2725 causa
790 2690 977 2725 albedinis.
1010 2690 1078 2724 Vel
1090 2689 1288 2735 aliquando
1301 2690 1431 2725 accidit
1443 2701 1491 2725 ex
1505 2690 1667 2736 perfecta
1681 2690 1885 2736 digestione

605 2748 830 2783 humiditatis
861 2753 898 2782 et
928 2748 1074 2782 victoria
1099 2746 1284 2787 siccitatis,
1316 2753 1354 2782 ut
1389 2753 1492 2794 patet
1523 2748 1556 2782 in
1587 2746 1683 2783 soliis
1712 2748 1886 2784 arborum

604 2805 640 2840 iu
672 2811 863 2840 autumno.
934 2804 984 2840 Et
1017 2804 1108 2841 haec
1141 2804 1319 2851 glaucitas
1343 2804 1534 2840 oculorum
1560 2804 1618 2840 vel
1647 2810 1770 2852 potest
1803 2815 1888 2842 &se

643 2896 650 2913 ¹
670 2896 739 2923 Thi·
759 2896 783 2923 is
803 2901 855 2923 not
872 2896 1046 2932 necessu-ily
1065 2905 1083 2924 ι
1102 2895 1249 2924 reference
1269 2903 1300 2925 to
1319 2896 1366 2924 the
1386 2896 1492 2932 special
1512 2896 1626 2924 [restise
1641 2905 1677 2924 on
1697 2896 1747 2925 the
1766 2896 1888 2932 subJeet.

606 2940 664 2975 See
677 2940 732 2967 vol.
747 2940 766 2967 ἰ.
779 2948 806 2975 p.
825 2947 886 2974 ¹14·
