2350 3580
580 714 645 748 128
840 715 1012 748 OPERIS
1038 715 1249 755 MAJORIS
1273 715 1401 748 PARS
1429 715 1616 757 QUINTA.

576 805 729 842 domina
769 805 957 846 virtutum.
990 817 1085 852 quae
1124 805 1242 841 utitur
1273 805 1427 841 caeteris
1457 805 1654 841 virtutibus
1694 804 1854 840 animae.

578 863 678 914 Nam
710 862 770 899 hic
802 863 965 909 exigitur
997 863 1199 911 recordatio
1229 861 1439 908 hujusmodi
1467 862 1667 899 visibilium
1701 868 1856 908 propter

577 920 846 957 distinctionem
864 919 1120 956 universalium
1138 925 1175 956 et
1190 919 1474 967 particularium,
1486 926 1523 957 ct
1540 920 1632 956 haec
1646 920 1855 956 recordatio

576 982 634 1013 est
650 978 763 1024 ipsius
781 978 1061 1024 imaginationis,
1077 983 1117 1013 ut
1131 977 1232 1024 prius
1245 979 1385 1013 dictum
1399 983 1464 1019 eet,
1477 978 1507 1013 si
1523 979 1570 1013 sit
1583 983 1747 1023 respectu
1763 977 1856 1013 lucis

575 1040 615 1070 et
638 1033 770 1071 coloris
791 1040 829 1071 et
854 1034 980 1081 viginti
999 1034 1226 1071 sensibilium
1250 1035 1512 1077 communium,
1532 1037 1617 1081 quia
1641 1034 1854 1081 imaginatio

577 1097 633 1129 est
661 1103 746 1128 arca
772 1092 978 1139 specierum
1007 1092 1230 1128 venientium
1259 1092 1308 1128 ab
1341 1093 1403 1129 eis.
1466 1092 1507 1128 Si
1536 1104 1625 1129 vero
1654 1093 1703 1129 sit
1728 1103 1852 1128 rerum

575 1161 670 1197 quae
704 1144 887 1197 pertinent
919 1150 967 1184 ad
1001 1150 1294 1185 aestimationem
1329 1157 1367 1186 et
1401 1150 1627 1193 memoriam,
1661 1155 1748 1185 tune
1788 1150 1854 1185 illa

575 1208 752 1243 memoria
769 1208 928 1243 deservit
945 1207 1003 1244 hic
1027 1208 1063 1242 in
1084 1208 1325 1243 recordando.
1377 1208 1475 1243 Nam
1496 1208 1564 1243 etsi
1586 1219 1703 1254 agnus
1723 1207 1851 1254 lupum

574 1276 684 1312 quem
702 1275 775 1301 non
790 1265 924 1301 viderit
941 1264 1043 1312 sugit,
1061 1270 1199 1306 tamen,
1212 1265 1241 1300 si
1259 1276 1343 1301 eum
1363 1265 1461 1311 prius
1478 1265 1618 1306 viderit,
1634 1265 1739 1302 citius
1758 1263 1853 1310 fugit

573 1328 610 1359 et
641 1323 851 1369 diligentius
877 1324 1026 1369 quando
1057 1323 1221 1359 secundo
1252 1334 1334 1359 eum
1363 1323 1505 1360 viderit.
1555 1323 1607 1359 Et
1636 1323 1771 1359 accidit:
1797 1322 1852 1357 sic

575 1380 761 1416 distinctio
787 1392 852 1427 per
877 1381 1114 1427 cogitativam
1142 1381 1330 1416 mediante
1354 1381 1541 1422 memoria¹
1567 1391 1663 1426 quae
1687 1386 1743 1415 est
1767 1390 1852 1415 arca

574 1439 817 1474 intentionum
837 1439 1099 1473 insensatarum
1118 1438 1216 1473 circa
1239 1439 1430 1474 materiam
1454 1438 1674 1481 sensibilem,
1692 1443 1733 1473 ut
1752 1437 1853 1483 prius

575 1495 788 1542 expositum
815 1501 881 1531 est.
935 1494 985 1530 Et
1003 1495 1085 1531 ideo
1106 1495 1270 1542 cognitio
1292 1506 1366 1541 qua
1386 1495 1658 1542 distinguuntur
1675 1506 1732 1531 res
1752 1495 1853 1542 prius

573 1553 671 1588 visae
692 1553 740 1588 ab
761 1553 842 1587 aliis
863 1552 933 1588 erit
958 1553 992 1587 in
1012 1553 1139 1588 brutis.
1192 1553 1347 1599 Propter
1371 1554 1470 1598 quod
1491 1554 1750 1598 aequivocatur
1767 1552 1825 1587 hic
1843 1563 1851 1595 ;

572 1610 629 1645 vel
650 1610 766 1657 magis
783 1616 840 1646 est
858 1611 988 1646 vitium
1009 1610 1261 1646 translationis
1284 1622 1379 1657 quae
1401 1622 1474 1646 non
1501 1611 1613 1646 habet
1629 1610 1849 1645 vocabulum

573 1667 757 1714 proprium
792 1668 841 1703 ad
875 1667 972 1704 hunc
1012 1668 1163 1704 modum
1205 1669 1452 1715 cognoscendi
1464 1667 1485 1703 ¹.
1554 1668 1731 1704 Similiter
1763 1668 1850 1714 quia

570 1730 716 1771 oportet
732 1725 990 1772 syllogismum
1010 1724 1165 1762 arctari¹
1182 1726 1218 1761 in
1236 1726 1436 1772 proposito.
1490 1725 1587 1761 Nam
1605 1725 1850 1772 proculdubio

571 1783 670 1818 nulla
697 1783 836 1818 ratione
861 1789 982 1829 potest
1012 1783 1243 1823 dissimulari,
1270 1784 1356 1828 quin
1372 1783 1385 1804 ³
1410 1784 1516 1818 bruta
1543 1782 1746 1829 percipiant
1775 1783 1848 1818 tiis-

569 1841 721 1876 tantiam
741 1852 857 1876 rerum
877 1847 913 1876 et
931 1847 1073 1877 motum
1094 1846 1130 1876 ct
1157 1840 1330 1887 quietem,
1347 1840 1431 1876 licet
1450 1843 1495 1877 de
1518 1840 1597 1876 aliis
1614 1839 1848 1876 sensibilibus

569 1899 828 1934 communibus
847 1909 921 1934 non
938 1899 987 1934 sit
1006 1899 1063 1934 ita.

384 1954 464 1990 They
475 1965 521 1984 m
619 1955 695 1991 Sed
735 1956 781 1991 de
819 1960 1037 2003 argumento
1077 1960 1223 2003 oportet
1261 1956 1490 1991 considerare
1523 1956 1621 2001 quod
1654 1955 1849 2001 dispositio

382 1996 518 2056 ξὲζὲῗςζς
570 2014 777 2058 argumenti
796 2014 832 2048 in
852 2013 968 2060 figura
983 2019 1021 2049 et
1037 2014 1228 2050 distinctio
1245 2014 1490 2050 conclusionis
1506 2025 1530 2048 a
1548 2013 1756 2059 praemissis
1772 2024 1847 2049 non

382 2063 485 2128 ἔξω
572 2071 729 2116 pertinet
751 2071 819 2107 nisi
846 2073 895 2107 ad
919 2071 1081 2108 animam
1112 2071 1336 2108 rationalem.
1387 2071 1461 2107 Sed
1492 2071 1672 2117 quaedam
1701 2070 1849 2107 collatio

382 2145 528 2172 processu
570 2127 728 2174 plurium
750 2129 798 2165 ad
821 2140 934 2165 unum
962 2140 1011 2165 ex
1039 2129 1193 2166 naturali
1221 2129 1399 2165 industria
1423 2135 1461 2163 et
1486 2129 1658 2168 instinctu
1683 2134 1850 2171 naturae,

570 2197 665 2231 quae
690 2186 794 2232 plura
819 2186 1065 2222 assimilantur
1089 2187 1310 2233 praemissis,
1327 2191 1364 2221 et
1390 2186 1490 2231 quod
1516 2197 1629 2220 unum
1656 2186 1703 2220 sit
1727 2186 1848 2221 simile

568 2243 791 2279 conclusioni
821 2245 906 2290 quia
934 2245 1121 2290 colligitur
1145 2256 1194 2279 ex
1219 2245 1281 2288 eis,
1305 2249 1427 2290 pot-et
1454 2243 1547 2278 bene
1572 2244 1720 2289 reperiri
1744 2245 1845 2290 apud

568 2300 684 2337 bruta.
719 2301 817 2337 Nam
830 2301 999 2337 videmus
1012 2302 1134 2338 simias
1146 2301 1305 2338 offensas
1319 2312 1445 2348 parare
1461 2300 1612 2336 insidias
1625 2301 1846 2343 hominibus,

566 2363 604 2394 et
633 2358 748 2393 multa
775 2359 941 2394 ordinare
970 2359 1018 2395 ad
1052 2359 1123 2396 hoc
1153 2364 1194 2394 ut
1222 2363 1424 2404 sequantur
1452 2358 1664 2400 vindictam,
1692 2363 1729 2393 et
1760 2358 1845 2394 ideo

565 2416 744 2462 colligunt
768 2427 881 2451 unum
903 2417 1003 2462 quod
1030 2417 1225 2453 intendunt
1245 2429 1294 2452 ex
1316 2413 1481 2451 multis⁴.
1525 2414 1706 2450 Videmus
1730 2417 1843 2452 etiam

565 2485 717 2510 araneas
748 2474 915 2510 ordinare
947 2474 1072 2517 telam,
1099 2480 1138 2511 et
1172 2484 1245 2510 non
1283 2483 1504 2520 quocunque
1538 2474 1663 2516 modo,
1681 2474 1745 2509 sed
1777 2484 1843 2520 per

600 2556 611 2574 ¹
630 2557 872 2590 cognoscendum,
888 2556 914 2590 J.

600 2600 614 2616 ‘
630 2600 692 2626 The
706 2601 788 2626 word
801 2600 950 2634 syllogismi
963 2600 1074 2634 (Bucen
1090 2603 1212 2633 menne»,
1225 2601 1330 2626 should
1350 2601 1383 2626 be
1403 2600 1512 2627 limitet!
1532 2604 1561 2626 to
1576 2601 1612 2626 its
1630 2601 1765 2634 ordinary
1778 2609 1838 2634 use,

565 2644 621 2671 and
641 2649 692 2671 not
708 2643 850 2671 extended
872 2649 901 2670 to
921 2645 1112 2672 unconseious
1132 2644 1190 2671 and
1210 2644 1370 2671 instinctivc
1394 2645 1555 2678 ressonis-ng,
1577 2652 1608 2671 ns
1628 2652 1689 2671 was
1707 2644 1783 2671 done
1804 2643 1843 2678 by

566 2687 692 2714 Alhazen
707 2689 764 2714 end
777 2687 886 2714 others.

600 2731 610 2745 ³
630 2731 771 2765 quoniam,
786 2731 813 2763 J.
852 2731 908 2757 See
928 2731 977 2757 the
994 2730 1041 2757 list
1058 2730 1090 2757 os
1103 2731 1239 2757 senua-m
1252 2739 1290 2757 on
1304 2739 1330 2764 p.
1343 2731 1363 2756 6
1375 2731 1410 2757 ol*
1425 2731 1481 2757 this
1494 2731 1614 2758 volume.
1653 2731 1698 2757 On
1714 2739 1798 2764 many
1812 2732 1845 2757 os

564 2774 648 2802 these
666 2774 686 2801 it
700 2775 724 2801 is
737 2775 855 2801 obvious
875 2774 934 2801 thui
954 2774 1002 2801 the
1021 2774 1111 2801 lower
1129 2774 1248 2802 anim-Is
1265 2774 1347 2801 could
1364 2778 1414 2801 not
1427 2774 1598 2809 ''syllogize'
1612 2775 1794 2809 consciously
1808 2783 1842 2801 or

564 2817 792 2851 unconsciously.
823 2817 867 2844 cf.
881 2817 941 2844 also
954 2825 980 2852 p.
994 2817 1039 2844 82.

600 2861 610 2878 ¹
630 2861 710 2887 Here
732 2861 848 2887 follows
868 2861 896 2887 in
919 2861 1088 2887 Combach's
1110 2861 1219 2887 edition
1241 2861 1274 2887 of
1292 2861 1342 2887 the
1361 2860 1531 2896 Penpaech'va
1550 2869 1585 2887 an
1609 2862 1751 2887 anecdote
1772 2861 1805 2887 os
1823 2870 1838 2887 ι

564 2904 709 2932 melitinus
724 2913 787 2939 ape.
830 2903 840 2931 1
856 2913 908 2931 can
926 2904 1043 2931 confirm
1061 2903 1160 2937 Jebb’s
1181 2904 1330 2932 exclusivo
1347 2904 1381 2932 of
1396 2904 1426 2939 it,
1442 2914 1474 2932 as
1493 2905 1514 2932 it
1533 2905 1556 2932 is
1570 2908 1621 2932 not
1635 2904 1725 2932 found
1738 2905 1765 2932 in
1780 2913 1839 2938 any

564 2947 616 2975 MS
640 2948 746 2975 known
761 2953 790 2975 to
805 2955 857 2974 me.
