2350 3580
404 807 561 872 R‘ffif

409 1488 522 1517 Twelve

412 1525 502 1567 moral

589 709 660 753 256
819 709 994 743 OPERIS
1019 709 1232 749 MAJoms
1256 709 1386 743 PARS
1413 708 1635 744 SEPTIMA.

590 799 775 843 sensitiva,
792 799 828 836 in
850 805 1031 846 quantum
1050 799 1179 836 obedit
1203 799 1343 840 rationi,
1360 798 1416 835 vel
1436 799 1471 836 in
1488 799 1629 836 ratione
1650 798 1871 836 dominante

590 867 699 903 super
724 861 845 902 partes
868 857 1014 892 animae
1042 857 1248 901 sensitiva,
1272 862 1311 892 et
1334 857 1387 891 sic
1417 856 1608 902 regulante
1631 867 1695 892 aa
1718 862 1763 892 ut
1785 856 1870 902 ejus

592 915 766 951 obediant
787 915 952 961 imperio.
1003 915 1056 951 Et
1079 915 1190 960 hujus
1210 915 1311 950 modi
1333 915 1450 950 virtus
1476 915 1627 950 moralis
1645 919 1809 957 vocatur,
1830 919 1871 950 et

593 971 912 1014 consuetudinalis,
943 982 1017 1018 qua
1050 971 1219 1008 homines
1252 977 1495 1008 consuescunt
1527 982 1648 1008 mores
1679 971 1869 1008 honestos.

595 1029 646 1066 Et
666 1029 775 1066 docet
796 1029 954 1065 secundo
966 1027 979 1050 ¹
1003 1029 1219 1065 Ethicorum
1242 1029 1343 1074 quod
1363 1034 1448 1064 sunt
1472 1029 1681 1071 duodecim,
1697 1034 1735 1064 et
1751 1028 1800 1064 de
1816 1028 1871 1064 eis

593 1092 730 1123 tractat
746 1087 783 1122 in
795 1092 937 1134 quarto,
950 1092 987 1122 et
1000 1092 1107 1122 vocat
1120 1098 1183 1122 eas
1201 1087 1427 1130 medietates,
1441 1088 1526 1132 quia
1538 1087 1724 1132 quaelibet
1741 1097 1869 1122 earum

595 1150 649 1180 est
678 1144 839 1180 medium
866 1144 961 1180 inter
986 1145 1061 1180 duo
1090 1144 1176 1180 vitia
1205 1144 1385 1180 contraria
1411 1144 1459 1180 ad
1487 1143 1643 1180 invicem
1669 1150 1707 1180 et
1731 1143 1870 1180 virtuti.

595 1201 695 1238 Nam
711 1211 826 1237 unum
843 1208 1050 1238 extremum
1068 1200 1193 1238 deficit
1210 1212 1232 1237 a
1250 1202 1384 1238 virtute
1400 1207 1436 1238 et
1454 1201 1554 1238 aliud
1573 1201 1871 1248 superabundat3

595 1264 636 1294 ut
652 1259 783 1294 accidit
806 1260 852 1294 de
876 1259 1027 1294 avaritia
1048 1270 1143 1304 quae
1168 1258 1293 1294 deficit
1310 1270 1332 1294 a
1347 1259 1529 1304 largitate,
1545 1263 1583 1294 et
1604 1259 1653 1294 de
1670 1258 1871 1305 prodigali-

595 1321 672 1352 tate
697 1328 792 1362 quae
817 1315 1101 1362 superabundat.
1151 1316 1252 1352 Nam
1279 1315 1403 1363 largus
1427 1316 1493 1352 dat
1518 1315 1636 1352 solum
1662 1327 1759 1362 quae
1783 1315 1871 1352 dare

595 1373 719 1416 debet,
739 1385 870 1410 avarus
892 1374 979 1410 nihil
1006 1374 1071 1410 dat
1093 1373 1150 1409 vel
1177 1385 1327 1420 parua-13
1359 1373 1533 1420 prodigus
1555 1373 1681 1409 omnia
1705 1372 1871 1409 effundit.

598 1430 649 1466 Et
665 1431 717 1466 sic
732 1431 779 1466 de
797 1431 895 1466 vitiis
910 1431 1229 1467 circumstantibus
1245 1431 1334 1467 alias
1352 1431 1581 1466 medietates.

646 1487 698 1524 Et
723 1487 810 1524 haec
835 1488 1030 1524 duodecim
1055 1489 1257 1524 secundum
1275 1487 1515 1524 Aristotelem
1538 1493 1623 1524 sunt
1647 1487 1871 1534 hujusmodi.

600 1545 721 1581 Prima
751 1551 809 1582 est
839 1545 1012 1582 fortitudo
1041 1545 1077 1581 in
1108 1546 1316 1591 egressione
1344 1545 1558 1581 terribilium
1587 1551 1626 1582 et
1654 1545 1875 1582 sustinentia

597 1605 843 1639 adversorum
895 1603 1067 1638 Secunda
1097 1608 1152 1638 est
1182 1604 1332 1639 castitas
1364 1609 1441 1638 tam
1472 1604 1507 1638 in
1536 1604 1587 1638 eis
1616 1614 1711 1650 quae
1743 1609 1874 1650 gustus

598 1666 692 1703 sunt,
710 1672 822 1706 quam
839 1661 877 1695 in
895 1661 966 1696 illis
981 1672 1077 1706 quae
1094 1666 1180 1696 sunt
1199 1666 1327 1696 tactus.
1379 1661 1506 1696 Tertia
1530 1666 1586 1696 est
1606 1658 1758 1708 largitas
1777 1661 1874 1707 cirea.

599 1718 800 1754 mediocres
823 1729 1017 1764 expensas.
1069 1717 1168 1753 Nam
1194 1723 1325 1764 quarta
1354 1718 1467 1754 virtus
1501 1723 1557 1754 est
1591 1717 1875 1765 magnificentia,

597 1786 691 1820 quae
710 1781 768 1810 est
788 1775 881 1810 circa
906 1774 1110 1820 magnifica,
1125 1775 1184 1810 vel
1203 1775 1299 1810 circa
1314 1775 1454 1820 templa
1476 1782 1514 1810 et
1538 1775 1677 1811 cultum
1696 1774 1876 1818 divinum,

597 1837 633 1868 et
646 1832 914 1878 hospitalitates
931 1838 969 1867 et
986 1838 1130 1868 caetera
1147 1833 1245 1868 bona
1263 1834 1483 1868 communia.
1525 1833 1577 1868 Et
1593 1833 1687 1868 sicut
1704 1832 1876 1878 magnifi-

598 1890 717 1925 centia
741 1895 777 1925 et
800 1889 950 1936 largitas
974 1888 1146 1926 differunt
1172 1889 1268 1925 eirea
1291 1890 1492 1936 pecuniam,
1511 1890 1565 1926 sic
1589 1891 1876 1936 magnanimitas

598 1953 636 1983 et
659 1948 841 1992 quaedam
868 1947 939 1983 alia
963 1947 1077 1983 virtus
1101 1958 1141 1983 se
1165 1946 1303 1983 habent
1321 1947 1416 1983 circa
1439 1947 1609 1983 meritum
1632 1954 1670 1984 et
1694 1947 1874 1984 honorem

598 2005 751 2040 virtutis.
803 2005 913 2040 Unde
932 2005 1188 2050 magnanimus
1213 2010 1270 2040 est
1288 2005 1349 2050 qui
1373 2016 1447 2040 non
1472 2005 1692 2051 deprimitur
1713 2004 1875 2040 adversi-

599 2067 677 2098 tate
697 2073 761 2097 nec
786 2061 1028 2108 prosperitate
1049 2061 1236 2108 gloriatur,
1261 2062 1325 2098 sed
1347 2061 1467 2098 solum
1494 2062 1542 2098 de
1566 2062 1709 2098 virtute.
1763 2061 1876 2098 Unde

599 2119 883 2165 magnanimitas
908 2125 963 2155 est
987 2125 1137 2156 ornatus
1152 2119 1319 2156 omnium
1336 2120 1525 2161 virtutum,
1542 2119 1636 2156 sicut
1661 2119 1750 2155 dicit
1767 2118 1876 2156 Aris-

600 2177 741 2217 toteles,
759 2188 832 2222 qua
857 2176 1003 2212 extollit
1030 2177 1143 2212 homo
1168 2178 1332 2212 animum
1361 2188 1470 2222 super
1492 2177 1616 2212 omnia
1642 2177 1814 2218 humana,
1838 2182 1876 2212 et

599 2234 667 2270 soli
684 2234 828 2270 virtutis
852 2234 1017 2270 innititur
1034 2235 1216 2280 dignitati,
1234 2240 1271 2270 et
1292 2235 1383 2270 haec
1403 2239 1459 2270 est
1483 2235 1656 2270 emeritae
1678 2233 1877 2280 probitatis

601 2324 629 2351 in
644 2323 692 2351 the
701 2323 868 2352 translation
883 2323 915 2351 ol*
923 2322 1062 2352 Aristone
1076 2324 1145 2352 from
1161 2324 1210 2352 the
1223 2324 1319 2352 Greek
1331 2324 1425 2351 which
1442 2323 1565 2351 william
1581 2322 1773 2351 offloerbeke
1785 2322 1876 2358 (osten

599 2368 689 2395 called
705 2367 875 2402 Fierningus,
890 2377 923 2395 or
938 2368 1139 2402 Brabantinus)
1154 2369 1238 2396 made
1255 2372 1283 2395 at
1303 2369 1352 2395 the
1370 2368 1533 2402 inaug-tion
1547 2367 1583 2394 os
1595 2367 1719 2394 Thomu
1736 2367 1876 2400 Aquinas.

599 2411 647 2438 An
666 2411 769 2438 earlier
790 2411 966 2443 translation.
987 2412 1048 2439 also
1068 2412 1239 2447 apparently
1256 2411 1327 2438 from
1347 2411 1396 2438 the
1416 2411 1523 2442 Greek,
1536 2419 1596 2438 was
1616 2411 1645 2437 in
1665 2411 1714 2437 the
1734 2410 1828 2438 banda
1847 2411 1880 2438 os

599 2454 735 2481 Albertus
748 2454 886 2489 Magnus;
899 2455 953 2482 and
968 2455 988 2482 it
1002 2456 1026 2482 is
1039 2455 1112 2482 cited
1124 2455 1161 2490 by
1172 2455 1299 2483 william
1312 2455 1345 2482 οἴ
1354 2454 1592 2489 Auvergne.who
1603 2454 1669 2481 died
1686 2454 1760 2488 ¹2⁴⁸·
1797 2453 1876 2486 This,

600 2498 712 2524 thereia
726 2507 807 2524 some
821 2499 931 2532 ground
941 2498 983 2525 for
992 2498 1132 2532 thinking„
1143 2508 1205 2525 was
1220 2499 1300 2524 made
1311 2498 1360 2532 by:
1367 2507 1401 2524 or
1410 2499 1503 2524 under
1516 2497 1709 2524 thedirection
1724 2496 1757 2523 ο(
1767 2497 1877 2524 Robert

601 2541 788 2569 orosae-tete.
807 2541 878 2578 [See
889 2541 906 2574 J
910 2541 1037 2574 ourd-in.
1051 2551 1099 2576 pp.
1110 2543 1157 2575 6ο,
1173 2550 1234 2576 144,
1251 2542 1309 2574 ιΒο,
1324 2541 1387 2573 288.
1403 2541 1476 2576 29⁶]
1514 2540 1538 2568 A
1552 2540 1731 2575 compar-ison
1744 2540 1877 2569 between

604 2584 724 2612 Bucon'a
737 2585 817 2612 short
832 2584 933 2612 sketeh
952 2584 986 2612 ns
1000 2584 1188 2612 Aristotelian
1204 2585 1295 2613 Ethic.
1310 2585 1365 2611 and
1385 2584 1434 2611 the
1453 2583 1596 2611 elaborate
1614 2588 1765 2611 treatment
1778 2584 1814 2611 or
1827 2584 1878 2612 the

602 2629 711 2662 subject
725 2630 752 2655 in
768 2629 816 2655 the
828 2629 954 2655 Sum-na
966 2629 999 2655 ol'
1008 2626 1143 2662 Aquinas,
1159 2629 1256 2655 would
1270 2629 1305 2654 be
1324 2631 1374 2655 out
1387 2629 1422 2664 os
1430 2628 1510 2662 place
1525 2629 1604 2654 here.
1643 2627 1774 2654 Reader:
1787 2627 1820 2654 os
1828 2629 1878 2654 the

601 2673 686 2699 latter
697 2673 736 2698 do
754 2676 803 2698 not
819 2671 892 2698 need
912 2676 942 2698 to
959 2672 994 2698 be
1010 2672 1069 2699 told
1089 2672 1151 2699 that
1170 2672 1219 2699 the
1235 2671 1410 2698 discussions
1425 2675 1488 2698 turn
1503 2671 1530 2697 in
1545 2679 1632 2704 many
1645 2671 1740 2704 places
1754 2671 1878 2705 entirely

603 2723 640 2741 on
655 2715 704 2742 the
716 2715 896 2750 comparison
909 2714 941 2742 of
957 2723 1012 2742 one
1026 2723 1147 2750 passage
1157 2715 1192 2742 of
1200 2715 1250 2742 the
1262 2714 1354 2742 Ennia
1367 2714 1438 2742 with
1452 2714 1583 2745 another,
1596 2722 1629 2740 or
1643 2713 1712 2741 with
1727 2722 1745 2741 a
1756 2722 1879 2749 passage

604 2758 675 2785 from
687 2766 768 2785 some
781 2758 865 2785 other
876 2757 959 2785 work
972 2758 1005 2784 ol*
1014 2761 1021 2774 ⁴
1032 2757 1092 2785 The
1107 2757 1316 2792 philosopher?
1336 2756 1490 2792 Aquinas's
1503 2762 1657 2784 treatment
1669 2758 1703 2784 os
1712 2758 1760 2784 the
1774 2758 1878 2792 theory

604 2802 637 2829 of
651 2802 700 2829 the
719 2811 811 2834 mean,
825 2802 881 2829 and
901 2802 933 2829 of
949 2801 986 2829 its
1001 2802 1182 2829 conciliation
1199 2802 1270 2829 with
1290 2802 1339 2829 the
1359 2801 1472 2829 exaited
1492 2801 1668 2828 enthusiasm
1682 2800 1716 2827 ol'
1731 2801 1877 2829 Christian

603 2846 705 2878 virtue,
715 2845 738 2872 is
746 2854 815 2878 very
824 2845 1034 2872 characteristic
1045 2845 1077 2872 nl*
1087 2845 1130 2872 his
1139 2844 1256 2879 general
1266 2844 1382 2872 method
1392 2845 1447 2872 and
1458 2844 1541 2879 spirit
1550 2844 1612 2880 (see
1624 2843 1718 2872 Prima
1727 2844 1879 2872 Secundae

603 2888 718 2923 Quaen.
734 2887 799 2915 lxiv.
818 2887 880 2915 Art.
897 2891 968 2922 1-4).

641 2932 648 2947 ¹
670 2932 797 2971 secundo
812 2932 986 2965 Ethitorum,
1002 2931 1038 2960 D.
1052 2936 1080 2959 et
1093 2931 1145 2965 0.;
1165 2931 1256 2966 primu
1272 2931 1389 2960 Ethicae
1403 2931 1441 2960 Π.
