2350 3580
810 703 938 736 PARS
964 703 1168 744 QUINTA:
1207 702 1308 735 CAP.
1335 702 1401 735 ΙΙΙ.
1671 710 1737 744 541

463 791 762 839 appropinquant
792 793 946 829 incessui
981 791 1331 839 perpendicularium
1365 791 1580 827 exeuntium
1608 802 1632 827 a
1665 797 1738 826 ter·

464 849 572 885 minis
597 850 694 885 basis
717 851 873 897 agentis,
896 850 983 896 quia
1007 850 1172 897 pyramis
1198 850 1341 895 longior
1360 849 1511 885 includit
1531 848 1735 885 breviorem

465 912 507 942 ut
525 912 628 952 patet
644 907 679 942 in
698 907 825 953 figura,
841 913 878 943 et
895 908 1054 943 incessus
1068 906 1425 955 perpendicularium
1438 911 1495 942 est
1507 905 1737 948 fortissimus,

464 970 502 999 et
527 970 666 1010 quanto
691 965 807 1012 magis
833 965 875 1001 fit
900 965 933 1001 ei
960 965 1268 1011 appropinquatio
1293 964 1363 1000 erit
1392 963 1510 1009 major
1535 962 1736 1004 sortitud'0;

463 1021 659 1057 dicendum
685 1027 752 1063 est,
783 1023 884 1068 quod
911 1023 981 1058 hae
1009 1023 1169 1058 rationes
1197 1022 1293 1058 duae
1322 1023 1524 1068 procedunt
1556 1025 1736 1067 quantum

464 1086 630 1124 possunt,
656 1080 720 1115 sed
754 1079 848 1116 aliae
880 1081 916 1115 in
954 1081 1177 1116 contrarium
1209 1085 1296 1115 sunt
1328 1078 1497 1115 fortiores
1528 1077 1605 1113 sine
1633 1088 1735 1113 com-

465 1136 664 1182 paratione,
685 1138 881 1184 praecipue
904 1138 1033 1184 prima,
1057 1143 1094 1174 et
1114 1138 1197 1173 ideo
1219 1137 1358 1184 priores
1377 1135 1586 1183 praevalent
1608 1135 1644 1170 in
1665 1134 1736 1170 hac

466 1198 580 1239 parte.
630 1194 681 1230 Et
697 1206 813 1240 quum
830 1201 1027 1232 ostensum·
1037 1201 1093 1231 est
1110 1196 1210 1242 prius
1226 1195 1326 1240 quod
1343 1194 1481 1241 species
1499 1192 1736 1239 pyramidalis

463 1262 537 1286 non
567 1257 690 1298 potest
717 1253 840 1289 venire
869 1264 892 1289 a
920 1258 1001 1289 tota
1028 1252 1225 1289 medietate
1257 1253 1420 1299 corporis
1452 1249 1642 1298 sphaerici,
1669 1261 1736 1285 nec

931 1732 933 1734 1
993 1431 1475 1702 »

1006 1818 1008 1820 ’
1029 1833 1098 1861 rm.
1113 1833 1174 1861 108.

464 1906 488 1930 a
504 1894 634 1941 majori
652 1895 828 1941 portione,
844 1896 910 1932 sed
927 1895 1130 1931 necessario
1147 1907 1170 1931 a
1187 1895 1348 1938 minore;
1367 1902 1406 1932 et
1421 1896 1735 1943 exemplificatum

463 1958 521 1989 ωε
537 1953 574 1988 in
595 1952 712 1999 figura
728 1953 918 1999 quomodo
934 1954 1147 2000 pyramides
1163 1953 1345 1999 longiores
1363 1953 1466 1996 fiunt,
1484 1960 1521 1990 et
1542 1955 1736 1996 breviores,

464 2015 503 2046 et
528 2020 625 2056 quae
650 2016 708 2046 est
739 2010 905 2046 omnium
936 2010 1155 2054 brevissima,
1183 2010 1360 2056 quoniam
1394 2011 1456 2046 iua
1487 2011 1592 2057 cujus
1622 2011 1735 2048 latera

464 2073 550 2104 sunt
576 2068 695 2104 lineae
720 2068 977 2114 contingentes
1003 2068 1198 2114 sphaeram
1224 2068 1260 2104 in
1285 2069 1449 2105 terminis
1473 2069 1735 2105 diametrorum

464 2126 660 2162 ductarum
681 2136 705 2161 a
728 2126 893 2161 terminis
917 2125 1077 2162 chordae
1098 2125 1395 2161 intersecantium
1414 2137 1464 2170 se,
1489 2132 1530 2162 ut
1555 2127 1674 2172 patuit
1699 2120 1736 2162 in

464 2183 606 2229 figura3
632 2194 730 2218 nunc
747 2184 900 2229 planum
922 2189 978 2219 est
1000 2184 1101 2229 quod
1124 2184 1215 2219 haec
1233 2184 1349 2230 magis
1370 2189 1429 2220 est
1447 2185 1567 2220 activa
1586 2190 1737 2231 propter

464 2240 547 2284 hoc,
559 2242 660 2287 quod
679 2241 928 2287 multipliciter
940 2246 1043 2287 patet
1061 2252 1109 2276 ex
1127 2241 1244 2283 dictis,
1258 2241 1346 2287 quia
1362 2242 1522 2278 brevitas
1538 2241 1735 2289 figurarum

464 2304 503 2334 et
520 2298 697 2334 linearum
721 2298 859 2335 faciunt
875 2299 1128 2335 vehementem
1148 2298 1398 2345 operationem
1420 2305 1571 2346 propter
1587 2299 1735 2346 propin-

464 2356 645 2401 quitatem
663 2356 806 2402 agentis
821 2361 860 2392 et
877 2356 1057 2402 patientis.

515 2413 566 2449 Et
583 2423 655 2449 non
672 2413 791 2449 solum
812 2418 868 2449 est
887 2413 991 2449 sortis
1006 2413 1103 2448 actio
1126 2413 1162 2448 in
1186 2413 1257 2449 ista
1277 2414 1479 2460 pyramide,
1496 2413 1582 2449 licet
1607 2413 1735 2450 fortior
1749 2421 1896 2465 othqoem

464 2481 576 2517 quam
600 2471 636 2506 in
655 2470 744 2513 aliis,
761 2471 828 2507 sed
849 2471 883 2505 in
905 2471 1077 2506 omnibus
1094 2471 1359 2517 pyramidibus,
1375 2477 1412 2507 et
1430 2482 1503 2507 non
1519 2471 1639 2507 solum
1665 2472 1734 2507 illis
1748 2458 1896 2487 mandere«

463 2538 560 2574 quae
573 2528 709 2563 cadunt
721 2528 817 2563 ultra
828 2539 962 2563 conum
976 2528 1182 2573 pyramidis
1194 2528 1326 2564 ductae
1338 2527 1427 2563 infra
1441 2528 1733 2564 intersectionem

465 2584 609 2621 illarum
634 2585 811 2621 linearum
837 2585 1120 2630 contingentiae,
1137 2595 1233 2630 quae
1255 2584 1491 2620 continebant
1507 2586 1735 2631 pyramidem

465 2643 704 2689 praedictam.
754 2642 806 2678 Et
834 2643 906 2678 hae
938 2648 1024 2678 sunt
1057 2642 1141 2678 illae
1173 2642 1385 2690 pyramides
1416 2653 1513 2688 quae
1546 2643 1735 2679 includunt

465 2699 603 2736 dictam
621 2699 876 2746 pyramidem;
901 2704 937 2735 et
955 2699 1041 2735 ideo
1061 2704 1146 2735 sunt
1163 2698 1321 2735 fortioris
1342 2699 1496 2735 actionis
1515 2710 1627 2745 quam
1654 2700 1737 2735 illae

464 2756 678 2804 pyramidae
710 2766 865 2801 quarum
892 2757 974 2791 coni
1003 2757 1142 2792 cadunt
1166 2761 1273 2792 extra
1298 2756 1590 2792 intersectionem
1624 2757 1736 2801 illam,

465 2819 505 2850 et
530 2824 627 2860 quae
654 2824 730 2849 non
756 2813 947 2850 continent
971 2814 1199 2860 pyramidem
1225 2814 1450 2859 praedictam
1475 2814 1735 2850 brevissimam.

466 2870 566 2917 Quia
594 2871 685 2907 radii
719 2871 783 2917 qui
821 2876 907 2906 sunt
939 2871 988 2907 de
1023 2871 1290 2917 compositione
1322 2872 1473 2907 istarum
1504 2863 1736 2917 pyramidum

464 2939 623 2975 quarum
651 2929 733 2965 coni
764 2939 838 2965 non
869 2927 1103 2965 includuntur
1134 2927 1227 2965 infra
1258 2929 1396 2971 dictam
1428 2929 1737 2971 intersectionem,
