2350 3580
584 717 652 761 466
878 717 920 750 M
921 716 1168 775 ULTIPQCA
1171 717 1205 749 T
1199 715 1252 750 10
1279 715 1561 750 ΞΡΕΕἹΕΒῙΙΠ.

586 818 657 844 non
683 807 792 844 cadat
817 818 927 855 super
942 817 1077 852 corpus
1099 806 1170 842 nisi
1188 806 1274 853 quia
1296 817 1408 853 super
1422 805 1583 852 aliquam
1598 804 1858 855 asper-ficiem),

586 870 672 901 tunc
696 866 797 901 eadit
813 876 923 911 super
946 863 1182 911 superficiem·
1202 864 1362 910 planam,
1378 864 1435 900 vel
1461 863 1746 906 concavam.ve1
1769 875 1858 899 eon-

584 934 731 966 vexam,
759 922 797 958 in
830 921 964 969 quibus
991 921 1148 958 multum
1183 920 1448 958 diversificatur
1480 921 1578 958 actio
1604 921 1792 965 naturalis,
1819 927 1858 957 et

586 981 751 1015 maxime
775 981 972 1017 seeundum
1001 980 1101 1026 quod
1134 990 1299 1015 concava
1325 985 1363 1014 et
1388 990 1558 1014 convexa
1582 979 1795 1014 dividuntur
1822 978 1858 1014 in

584 1037 783 1084 sphaerica,
808 1037 1061 1084 pyramidalia,
1077 1042 1115 1072 et
1139 1037 1376 1079 columnaria,
1396 1042 1433 1072 et
1458 1037 1587 1079 avalia.
1607 1041 1645 1072 et
1667 1037 1858 1077 annulum.

586 1101 622 1131 et
644 1093 879 1131 lenticularia.
932 1094 1037 1131 Haec
1059 1094 1157 1130 enim
1180 1094 1389 1140 specialiter
1408 1093 1654 1130 diversificant
1675 1093 1857 1130 actionem

584 1152 786 1199 specierum
826 1152 1049 1188 venientium
1082 1151 1130 1188 ad
1163 1163 1209 1187 ω,
1247 1157 1395 1198 propter
1426 1150 1674 1187 diversitatem
1708 1161 1857 1186 suarum

584 1210 810 1256 specierum3
835 1210 882 1244 ad
908 1220 999 1255 quas
1026 1210 1161 1245 cadunt
1187 1209 1327 1256 species
1354 1208 1702 1255 perpendiculariter
1724 1212 1763 1243 et
1785 1219 1857 1243 non

585 1266 944 1312 perpendiculariter,
974 1266 1174 1302 secundum
1216 1267 1379 1302 diversas
1421 1267 1622 1312 positiones
1654 1270 1693 1301 et
1725 1265 1858 1301 modos

582 1324 715 1368 varios,
728 1323 837 1370 juxta
855 1324 1114 1370 proprietatem
1132 1323 1358 1370 singularum
1381 1322 1652 1370 superficierum
1674 1322 1858 1359 dictorum

583 1391 787 1427 corporum.
839 1381 917 1416 Nec
939 1386 995 1416 est
1019 1380 1191 1416 notabilis
1214 1381 1405 1417 diversitas
1426 1380 1494 1416 nisi
1514 1381 1550 1416 in
1567 1381 1678 1415 dictis
1698 1380 1858 1427 corpori-

581 1438 652 1474 bus
680 1439 939 1485 recipientibus
967 1439 1108 1485 species
1134 1439 1347 1484 agentium;
1376 1439 1552 1484 quoniam
1581 1449 1737 1484 corpora
1763 1448 1859 1484 quae

583 1495 721 1532 habent
741 1494 951 1542 superficies
973 1506 1151 1532 concavas
1172 1495 1231 1531 vel
1252 1506 1450 1537 convexae,
1468 1495 1505 1531 in
1526 1495 1661 1542 quibus
1677 1501 1733 1531 est
1754 1499 1858 1531 nota-

581 1552 666 1588 bilis
690 1553 880 1589 diversitas
905 1552 963 1588 vel
987 1554 1143 1588 varietas
1168 1553 1325 1588 actionis
1348 1553 1536 1595 naturalis,
1550 1558 1636 1588 sunt
1658 1553 1858 1598 sphaerica.

581 1611 639 1645 vel
668 1610 917 1656 pyramidalia‚
939 1610 997 1646 vel
1022 1609 1259 1650 columnaria*
1280 1610 1339 1645 vel
1363 1611 1494 1654 avalia,
1511 1611 1570 1647 vel
1592 1611 1783 1653 annulosa,
1799 1609 1859 1645 vel

584 1667 832 1710 lenticularia;
861 1678 946 1704 nam
963 1674 1109 1703 caetera
1125 1667 1263 1703 habent
1281 1668 1410 1714 planas
1425 1668 1645 1714 superficies.

398 1732 459 1762 The
473 1737 528 1762 two
633 1725 812 1762 Similiter
837 1729 984 1771 oportet
1012 1726 1174 1761 secundo
1203 1726 1288 1761 sciri
1312 1727 1413 1771 quod
1439 1725 1701 1763 diversificatur
1730 1724 1858 1761 multi-

397 1769 559 1835 Ξξξζζζξ.
586 1783 730 1828 plicatio
764 1794 872 1828 super
898 1783 1012 1818 lineas
1037 1783 1181 1818 fractas.
1234 1782 1283 1818 Et
1307 1783 1438 1818 fractio
1467 1790 1523 1819 est
1543 1782 1694 1819 duobus
1725 1783 1857 1818 modis.

398 1826 570 1885 [murame'r
585 1839 746 1886 Quando
772 1841 881 1887 igitur
908 1839 1065 1875 medium
1101 1839 1303 1875 secundum
1339 1846 1393 1876 est
1425 1840 1583 1884 densius,
1607 1846 1695 1876 tunc
1727 1839 1858 1876 fractio

397 1878 561 1947 affinio
581 1898 717 1945 speciei
752 1903 808 1933 est
846 1898 881 1932 in
923 1896 1117 1944 superficie
1157 1898 1323 1944 corporis
1356 1898 1504 1934 secundi
1545 1898 1636 1934 inter
1676 1898 1858 1934 incessum

395 1950 560 1987 conversely.
583 1959 720 1991 rectum
755 1960 792 1990 et
823 1955 1161 2001 perpendicularem
1196 1956 1403 1991 ducendam
1439 1967 1461 1990 a
1492 1955 1576 1991 loco
1609 1955 1795 1991 fractionis
1820 1956 1858 1991 In

581 2024 712 2058 corpus
737 2013 948 2053 secundum.
966 2018 1003 2048 et
1028 2012 1188 2048 declinat
1212 2013 1261 2048 ab
1284 2014 1426 2049 incessu
1449 2019 1550 2049 recto
1573 2013 1608 2048 in
1635 2012 1858 2058 profundum

581 2071 746 2116 corporis
777 2070 938 2110 secundi,
970 2069 1137 2106 dividens
1170 2070 1345 2116 angulum
1376 2071 1439 2116 qui
1467 2077 1523 2106 eet
1554 2070 1647 2106 inter
1675 2071 1858 2107 incessum

581 2133 721 2162 rectum
752 2132 788 2162 et
819 2127 1159 2173 perpendicularem
1194 2128 1399 2162 ducendam
1434 2138 1456 2162 a
1488 2127 1572 2162 loco
1601 2128 1787 2165 fractionis
1820 2129 1856 2163 in

581 2195 712 2231 corpus
735 2186 943 2220 secundum.
994 2184 1079 2220 Non
1098 2190 1221 2220 tamen
1239 2186 1372 2221 dividit
1393 2185 1494 2220 illum
1512 2186 1688 2232 angulum
1712 2197 1858 2231 semper

581 2242 617 2277 in
644 2242 735 2277 duas
761 2247 886 2288 partes
910 2241 1090 2287 aequalem,
1115 2241 1201 2278 licet
1228 2242 1299 2278 hoc
1323 2249 1514 2278 senserunt
1538 2241 1663 2289 aliqui¹
1681 2244 1856 2289 quoniam

579 2299 779 2334 secundum
800 2300 1050 2334 diversitatem
1072 2299 1265 2336 densitatis
1289 2300 1401 2336 medii
1419 2300 1565 2336 secundi
1583 2300 1716 2336 accidit
1740 2300 1858 2347 major

579 2367 739 2391 recessus
759 2361 797 2391 et
822 2358 941 2391 minor
962 2356 1145 2392 fractionis
1172 2358 1221 2392 ab
1244 2358 1385 2393 incessu
1412 2363 1518 2399 recto,
1536 2358 1737 2393 secundum
1754 2358 1854 2403 quod

582 2413 812 2449 Ptolemaeus
848 2414 883 2448 in
917 2414 1048 2460 quinto
1078 2412 1323 2460 Aspectuum,
1359 2420 1396 2450 et
1425 2415 1593 2451 Alhazen
1627 2416 1664 2450 in
1696 2415 1857 2460 septimo

579 2471 826 2507 determinant
861 2471 1088 2517 quantitates
1123 2472 1341 2518 angulorum
1379 2472 1565 2508 fractionis
1603 2472 1856 2519 multipliciter

579 2528 826 2563 diversificari.
890 2528 988 2563 Nam
1023 2533 1163 2573 quanto
1201 2539 1334 2574 corpus
1367 2531 1570 2565 secundum
1607 2535 1662 2565 est
1698 2531 1856 2572 densius,

579 2590 684 2620 tanto
710 2585 830 2620 minus
857 2585 994 2620 recedit
1021 2585 1148 2621 fractio
1174 2585 1225 2621 ab
1261 2587 1400 2621 incessu
1428 2593 1538 2630 recto,
1566 2593 1716 2633 propter
1749 2589 1855 2623 resis-

580 2642 731 2678 tentiam
775 2643 886 2678 medii
928 2643 1112 2685 densioris.
1154 2644 1319 2679 densitas
1360 2645 1456 2680 enim
1498 2643 1634 2680 resistit
1667 2644 1781 2686 radio,
1815 2651 1856 2680 ut

577 2700 746 2735 ,Alhazen
775 2700 872 2735 dicit.
923 2700 1083 2745 Quando
1102 2711 1190 2736 vero
1210 2712 1343 2746 corpus
1367 2702 1567 2737 secundum
1594 2709 1648 2737 est
1674 2702 1855 2745 subtiliut,

577 2762 666 2792 tunc
697 2756 737 2793 fit
772 2756 899 2792 fractio
932 2758 1064 2803 speciei
1094 2758 1130 2793 in
1163 2758 1356 2804 superficie
1390 2760 1548 2804 corporis
1582 2760 1733 2795 secundi
1758 2759 1855 2796 ultra

579 2815 761 2851 incessum
799 2821 950 2857 rectum,
986 2826 1050 2861 per
1083 2826 1263 2851 recessum
1299 2827 1322 2852 a
1354 2817 1643 2862 perpendiculari
1685 2817 1855 2853 ducenda

577 2883 599 2906 a
618 2872 698 2907 loco
717 2871 926 2914 fractioni&
952 2873 988 2907 id
1008 2878 1072 2915 est.
1090 2874 1190 2918 quod
1210 2873 1308 2908 inter
1323 2874 1536 2909 fractionem
1554 2880 1592 2910 et
1614 2875 1854 2921 perpendicu-

575 2928 690 2965 larem
735 2929 832 2965 illam
875 2929 973 2965 cadit
1017 2931 1177 2966 incessus
1212 2937 1341 2967 rectus.
1406 2931 1454 2967 Et
1496 2932 1656 2967 variatur
1693 2944 1854 2969 recessus
