2350 3580
634 535 702 571 532
922 525 1023 558 MUL
1029 525 1059 558 T
1055 524 1211 557 JPLJCA
1219 524 1295 557 TIO
1321 523 1604 557 SPECJERUM.

635 616 761 653 mundi
784 615 1000 651 inanimatis.
1051 614 1227 651 Similiter
1252 620 1308 650 est
1336 612 1503 648 brevior-¹
1533 624 1649 658 quam
1681 612 1924 648 accidentalis

1022 672 1133 718 longe
1162 671 1291 717 magis,
1316 671 1405 716 quia
1443 670 1537 706 linea
1569 670 1820 706 accidentalis
1853 682 1922 706 non

1023 735 1146 777 potest
1185 729 1254 764 nisi
1294 739 1359 774 per
1399 727 1690 764 incurvationem
1730 727 1922 764 fractionis

1022 793 1087 823 aut
1106 786 1317 822 reflexionis
1333 785 1454 821 venire
1476 797 1499 820 a
1521 785 1683 822 termino
1704 797 1784 821 uno
1809 786 1922 821 lineae

1022 850 1144 881 rectae
1170 843 1380 891 principalis
1404 843 1451 879 ad
1480 843 1683 879 terminum
1709 843 1831 879 alium
1855 843 1922 878 hoc

1023 902 1145 938 modo.

1070 956 1310 1006 Quapropter
1341 970 1424 995 curn
1459 964 1592 994 natura
1626 958 1737 1004 eligit
1780 964 1918 995 rectam

1023 1017 1166 1060 lineam,
1196 1017 1264 1053 nisi
1296 1017 1528 1063 impediatur,
1561 1017 1695 1052 fortius
1729 1023 1824 1063 aget
1857 1028 1920 1063 per

1023 1076 1162 1121 species
1202 1075 1389 1110 venientes
1438 1084 1550 1120 super
1602 1074 1724 1110 lineas
1774 1076 1919 1117 rectam

1024 1138 1165 1178 quanto
1189 1133 1287 1167 enim
1314 1132 1456 1178 patiens
1488 1132 1607 1179 magis
1632 1133 1919 1179 appropinquat

1025 1190 1159 1236 agenti,
1188 1195 1293 1226 tanto
1321 1190 1404 1235 plus
1432 1190 1558 1236 recipit
1585 1190 1635 1226 de
1659 1190 1746 1236 ejus
1768 1191 1918 1231 virtute,

633 1253 670 1283 et
694 1255 836 1293 quanto
869 1242 1007 1294 speci&
1033 1248 1152 1284 niiuus
1181 1248 1318 1283 recedit
1343 1258 1365 1283 a
1387 1258 1453 1283 sua
1479 1248 1632 1293 origine,
1652 1253 1766 1284 tanto
1793 1248 1920 1284 fortior

741 1155 808 1183 Flo.
826 1162 886 1183 100.

447 1308 613 1345 Unisotmity
633 1311 699 1341 est.
749 1305 944 1342 Caeterum
978 1307 1072 1342 linea
1102 1310 1201 1341 recta
1236 1310 1293 1340 est
1324 1304 1513 1340 uniformis
1537 1310 1574 1340 et
1606 1306 1792 1351 aequalis.
1845 1306 1920 1342 Sed

444 1344 478 1372 of
487 1345 604 1381 straight

446 1381 516 1409 lines
527 1389 573 1408 ex-

633 1361 671 1397 in
700 1363 869 1399 omnibus
894 1363 973 1399 aliis
1003 1368 1059 1399 est
1094 1362 1315 1408 difformitas
1349 1368 1387 1398 et
1406 1361 1623 1406 diversitas,
1655 1368 1698 1398 et
1731 1364 1919 1409 quaedam

445 1416 537 1453 9¹²³¹2⁵
548 1417 619 1445 their
632 1420 896 1466 inaequalitas;
943 1421 1009 1456 sed
1055 1420 1183 1456 melius
1226 1425 1282 1455 est
1320 1419 1473 1465 aequale
1513 1419 1712 1465 inaequali,
1747 1426 1794 1459 ut
1826 1421 1919 1457 dicit

444 1453 593 1489 efficieney.

634 1477 785 1513 Boetius
818 1478 854 1513 in
896 1489 964 1513 sua
1006 1478 1172 1513 practica
1211 1476 1455 1519 Geometriae
1482 1482 1520 1512 et
1561 1483 1697 1513 natura
1738 1475 1917 1525 operatur

629 1546 775 1580 semper
803 1535 943 1573 meliori
971 1536 1094 1571 modo,
1145 1535 1197 1570 Et
1222 1535 1357 1570 dicitur
1382 1535 1418 1570 in
1446 1534 1547 1570 libro
1568 1535 1617 1570 de
1643 1534 1789 1578 Causis,
1817 1538 1917 1582 quod

631 1593 750 1628 omnis
766 1593 882 1628 virtus
907 1594 1011 1644 unita
1034 1599 1091 1628 est
1115 1591 1288 1628 fortioris
1296 1584 1544 1638 operationis,
1568 1592 1634 1628 sed
1648 1593 1873 1630 diversitas
1879 1599 1917 1630 et

630 1650 849 1686 difformitas
874 1640 1141 1686 contrariantur
1166 1650 1308 1691 unitati,
1328 1655 1366 1685 et
1393 1650 1560 1693 unitioni,
1586 1656 1624 1685 et
1653 1639 1917 1687 uniformitati.

631 1708 869 1754 Quapropter
903 1719 987 1743 cum
1022 1708 1224 1743 secundum
1259 1707 1394 1742 lineam
1428 1713 1565 1743 rectam
1598 1708 1647 1742 sit
1681 1708 1918 1745 uniformitas

631 1766 774 1801 virtutis
802 1767 838 1801 in
866 1777 933 1801 suo
962 1767 1127 1806 decursu.
1155 1765 1351 1811 praecipue
1379 1776 1462 1801 cum
1490 1765 1712 1801 Aristoteles
1747 1767 1914 1803 ostendit

630 1824 760 1868 quinto
787 1823 1128 1868 Metaphysicorum
1139 1821 1163 1864 ²,
1194 1823 1294 1868 quod
1331 1823 1426 1858 linea
1454 1828 1554 1858 reeta
1588 1823 1708 1869 magis
1736 1830 1795 1860 est
1832 1837 1918 1868 una,

630 1882 717 1925 quia
750 1881 866 1927 magis
897 1881 1083 1925 continua,
1112 1886 1150 1917 et
1183 1891 1256 1915 non
1285 1880 1398 1915 habet
1429 1880 1615 1926 angulum,
1643 1880 1742 1917 aliae
1773 1882 1919 1918 habent

630 1937 804 1984 angulum
821 1949 972 1984 quoquo
989 1938 1113 1979 modo,
1130 1937 1363 1974 manifestum
1382 1943 1436 1973 est
1454 1939 1555 1983 quod
1576 1938 1704 1974 sortior
1721 1945 1779 1974 est
1798 1941 1918 1975 virtus

629 1996 775 2030 veniens
808 2007 918 2042 super
957 2001 1093 2031 rectam
1132 1996 1264 2032 lineam
1298 2007 1411 2042 quam
1443 2007 1553 2042 super
1584 1996 1686 2032 alias.
1756 1997 1809 2034 Et
1845 1999 1918 2034 hoc

630 2059 687 2089 est
716 2052 990 2098 intelligendum
1026 2064 1090 2099 per
1113 2064 1153 2089 se
1187 2053 1383 2099 loquendo,
1410 2064 1484 2090 non
1517 2066 1583 2101 per
1610 2054 1795 2096 accidens,
1827 2057 1918 2101 quia

631 2121 697 2155 per
724 2110 893 2146 accidens
919 2115 1042 2156 potest
1068 2110 1144 2146 fieri
1176 2111 1294 2156 major
1316 2112 1424 2155 actio,
1448 2118 1486 2147 et
1515 2123 1580 2158 per
1604 2111 1852 2149 reflexionem
1879 2121 1918 2150 et

630 2168 854 2209 fractionem,
882 2179 928 2204 eo
957 2168 1057 2214 quod
1086 2168 1223 2204 multae
1247 2168 1398 2205 virtutes
1420 2175 1458 2205 et
1481 2170 1620 2215 species
1645 2178 1804 2216 possunt
1827 2183 1917 2208 con-

628 2226 771 2271 gregari
806 2237 871 2270 per
904 2225 1142 2260 reflexionem
1168 2232 1206 2261 et
1240 2225 1464 2267 fractionem,
1498 2237 1595 2272 quae
1636 2238 1710 2263 non
1756 2236 1917 2274 possunt

629 2283 819 2329 aggregari
846 2294 910 2328 per
935 2289 1074 2318 rectum
1099 2283 1287 2326 incessum,
1312 2284 1406 2319 sicut
1436 2284 1523 2319 satis
1553 2283 1692 2329 patebit
1719 2289 1912 2331 sequenti-

629 2340 708 2375 bus.
776 2340 827 2375 Et
863 2346 1013 2385 propter
1044 2339 1115 2375 hoc
1151 2346 1307 2385 possunt
1342 2342 1533 2388 aggregari
1574 2341 1666 2376 radii
1703 2342 1843 2378 infiniti
1879 2345 1915 2379 in

628 2398 797 2443 quolibet
831 2404 969 2443 puncto
1002 2398 1095 2433 aeris
1124 2409 1192 2443 per
1225 2398 1460 2434 reflexionem
1494 2399 1627 2435 factam
1662 2410 1684 2434 a
1712 2401 1916 2446 superficie

629 2459 747 2490 terrae
771 2460 808 2490 et
833 2466 952 2500 aquae
977 2459 1015 2490 et
1039 2466 1235 2501 corporum
1261 2456 1458 2492 densorum
1489 2456 1705 2500 inferiorum,
1729 2460 1916 2503 quoniam

629 2512 723 2548 fiunt
746 2512 907 2547 infinitae
928 2511 1155 2553 reflexiones,
1174 2519 1212 2548 et
1229 2524 1295 2558 per
1313 2514 1380 2548 has
1405 2514 1538 2549 accidit
1558 2514 1770 2555 intersecu'o
1791 2517 1914 2553 radio·

629 2581 709 2605 rum
723 2569 948 2605 infinitorum
964 2570 998 2605 in
1012 2570 1178 2615 quolibet
1197 2577 1333 2616 puncto
1352 2571 1473 2615 medii,
1486 2577 1524 2607 et
1540 2571 1624 2607 ideo
1641 2578 1698 2607 est
1715 2576 1916 2619 generatio

627 2626 759 2663 caloris
785 2627 848 2672 qui
880 2638 953 2662 non
979 2633 1214 2673 generaretur
1241 2639 1306 2673 per
1334 2630 1457 2663 radios
1491 2629 1738 2673 incidentales,
1765 2638 1805 2667 et
1839 2631 1915 2668 hoe

845 2712 854 2728 ¹
874 2712 891 2739 i.
904 2721 930 2739 e.
946 2716 1024 2739 recu
1036 2716 1080 2739 est
1093 2712 1213 2739 brevior.

842 2754 855 2771 ¹
872 2755 936 2783 Md.
950 2755 988 2783 iv,
999 2763 1062 2791 etp.
1073 2756 1099 2789 ⁶,
1114 2757 1129 2789 ς
1142 2763 1160 2790 5
1173 2757 1190 2791 ἡ
1202 2756 1292 2783 uwu‘a
1304 2755 1353 2789 τῆς
1363 2755 1531 2791 mumdum
1541 2756 1649 2789 μᾶλλον
1661 2756 1701 2785 lv.
