2350 3580
620 730 688 765 280
858 730 1031 764 OPERIS
1061 729 1268 769 MAJORJS
1294 730 1421 764 PARS
1447 728 1667 763 SEPTIMA.

621 821 685 858 sed
712 820 920 867 proximum
955 821 1118 863 amittit:
1150 826 1189 856 et
1215 831 1289 856 non
1323 820 1441 856 solum
1475 821 1642 856 inimicos
1675 818 1817 855 invadit
1849 818 1896 855 ad

623 883 792 920 mortem,
816 879 879 913 sed
906 889 1015 915 causa
1037 879 1164 915 mortis
1185 882 1241 913 est
1261 879 1469 913 amicorum.
1521 877 1636 922 Cujus
1657 877 1704 913 rei
1728 876 1899 924 pulcher-

623 937 756 971 rimum
772 935 987 981 exemplum
1007 935 1147 971 Seneca
1163 936 1300 981 promit
1319 936 1353 970 in
1370 936 1535 971 secundo
1555 935 1649 970 libro
1668 935 1717 970 de
1733 935 1897 980 quodam

623 992 685 1039 qui
706 998 836 1038 captus
861 1003 882 1027 a
908 999 1068 1038 tyranno
1101 1003 1186 1028 eum
1218 998 1321 1028 tanta
1346 991 1481 1028 delusit
1507 991 1649 1028 cautela
1676 997 1717 1027 ut
1740 991 1898 1037 ipsemet

622 1055 801 1095 tyrannus
826 1049 1043 1086 interficeret
1072 1061 1201 1085 omnes
1232 1050 1396 1086 inimicos
1425 1061 1537 1093 suos;
1572 1054 1608 1084 et
1637 1049 1716 1094 ipsc
1745 1048 1897 1085 tandem

623 1113 800 1153 tyrannus
826 1108 1009 1143 emoritur.
1054 1107 1155 1143 Dicit
1181 1118 1281 1154 ergo¹
1303 1111 1312 1126 ⁶
1328 1107 1450 1143 Notus
1473 1105 1555 1142 est¹
1582 1105 1644 1142 ille
1666 1106 1898 1151 tyrannicida

623 1164 686 1211 qui
711 1163 926 1211 imperfecto
952 1177 1063 1210 opere
1085 1163 1384 1210 comprehensus,
1409 1170 1445 1200 ct
1470 1163 1519 1200 ab
1547 1163 1687 1210 Hippia
1713 1169 1835 1199 tortus
1859 1168 1898 1198 ut

623 1222 810 1259 consocios
840 1222 1026 1263 indicaret,
1050 1222 1328 1258 circumstantes
1350 1222 1494 1266 tyranni
1519 1222 1658 1258 amicos
1687 1221 1899 1262 nominavit,

623 1279 757 1325 quibus
782 1279 946 1314 maxime
979 1290 1099 1314 caram
1134 1280 1214 1324 eJus
1248 1279 1403 1314 salutem
1436 1279 1587 1314 sciebat.
1639 1279 1689 1313 Et
1721 1289 1808 1313 cum
1840 1277 1899 1314 illc

623 1335 787 1383 singulos
805 1342 846 1372 ut
864 1336 1042 1372 nominati
1060 1342 1164 1372 erant
1188 1336 1305 1372 occidi
1323 1336 1492 1382 jussisset
1518 1335 1759 1382 interrogavit
1776 1335 1899 1382 ecquis

624 1399 852 1440 superesset;
887 1393 957 1436 Tu,
990 1394 1119 1441 inquit,
1154 1394 1263 1429 solus.
1316 1393 1513 1429 Neminem
1548 1393 1647 1428 enirn
1681 1393 1809 1431 alium.
1842 1393 1897 1429 eui

625 1462 730 1487 carus
746 1462 856 1492 esses,
870 1451 1009 1496 reliqui.
1061 1451 1195 1487 Effecit
1210 1452 1319 1498 igitur
1336 1452 1388 1487 ira
1407 1456 1447 1486 ut
1461 1458 1638 1496 tyrannus
1651 1451 1899 1496 tyrannicidae

627 1520 757 1544 manus
775 1509 1080 1551 accommodaret,
1101 1515 1137 1544 et
1157 1510 1335 1555 praesidia
1353 1520 1418 1544 sua
1434 1509 1558 1555 gladio
1576 1520 1643 1544 suo
1661 1507 1854 1545 caederet.'

440 1572 585 1614 Angerin-
675 1566 778 1602 Sieut
808 1577 897 1602 vero
925 1573 1066 1612 partem
1098 1566 1362 1612 speculativam
1396 1566 1542 1602 animae
1575 1565 1776 1605 confundit.
1802 1572 1839 1602 et
1866 1566 1899 1602 ei

439 1607 610 1672 &amunte
626 1622 838 1658 innaturalis
867 1630 921 1658 est
953 1623 1014 1664 ira.
1040 1624 1093 1659 sic
1119 1630 1157 1658 et
1188 1624 1396 1669 practicam.
1422 1630 1458 1660 et
1483 1623 1595 1670 longe
1620 1623 1751 1669 magis.
1800 1623 1898 1658 Nam

439 1680 560 1744 nixum*
626 1681 717 1716 haec
741 1682 853 1716 habet
875 1681 1045 1716 virtutem
1068 1692 1134 1727 pro
1159 1683 1259 1724 dote,
1279 1682 1314 1716 in
1340 1682 1408 1717 hac
1431 1682 1547 1716 virtus
1572 1682 1763 1723 consistit;
1789 1687 1827 1716 et
1850 1682 1899 1717 ita

441 1737 579 1787 (⁸)'With
626 1737 757 1774 vitium
782 1745 848 1774 est.
901 1738 995 1774 Cum
1028 1750 1114 1785 ergo
1143 1749 1274 1775 omnes
1299 1739 1463 1781 virtutes,
1489 1739 1688 1775 secundum
1720 1738 1899 1775 Senemm

439 1788 588 1824 elemeney.
628 1796 721 1832 libro
743 1795 993 1843 Epistoiarum
1021 1796 1232 1841 primarum.
1255 1803 1293 1833 et
1321 1797 1521 1833 secundum
1547 1795 1709 1832 Tullium
1735 1795 1832 1832 libro
1854 1797 1900 1832 de

628 1853 781 1897 Officiis,
797 1859 832 1889 et
851 1854 1052 1889 secundum
1074 1855 1233 1890 eundem
1254 1854 1348 1890 libro
1370 1855 1530 1890 secundo
1547 1855 1595 1890 de
1612 1854 1901 1900 Quaestionibus

626 1912 852 1954 Tusculanis»,
870 1917 954 1947 sunt
972 1923 1174 1954 connexae,
1194 1917 1234 1947 ut
1252 1913 1314 1958 qui
1332 1910 1466 1948 habeat
1485 1923 1596 1948 unum
1613 1912 1748 1948 habeat
1772 1923 1916 1947 omnes.

626 1974 775 2015 propter
815 1968 1001 2014 generales
1043 1969 1336 2005 circumstantias
1378 1970 1414 2005 in
1450 1969 1583 2015 quibua
1623 1975 1901 2012 connectuntur,

627 2026 712 2060 licet
735 2025 906 2061 differant
928 2026 961 2060 in
986 2026 1205 2072 specialibus
1230 2026 1523 2069 circumstantiis,
1545 2037 1692 2062 necesse
1719 2032 1776 2061 est
1800 2027 1901 2072 quod

626 2082 678 2118 ira
696 2094 768 2118 non
786 2082 1032 2128 compatiatur
1052 2094 1175 2119 secum
1199 2083 1361 2129 aliquam
1380 2085 1565 2126 virtutem,
1581 2095 1667 2119 cum
1688 2090 1901 2120 mansuetu-

626 2140 761 2181 dinem.
775 2151 870 2187 quae
888 2140 967 2176 aliis
985 2140 1182 2176 virtutibus
1200 2152 1345 2176 annexa
1363 2147 1420 2177 est
1439 2141 1698 2188 principaliter,
1713 2141 1899 2177 excludat.

627 2197 679 2232 Et
705 2197 775 2232 hoc
801 2203 855 2232 est
875 2198 971 2242 quod
992 2198 1080 2233 dicit
1097 2197 1250 2238 Seneca,
1269 2198 1430 2234 secundo
1447 2198 1497 2233 de
1515 2198 1594 2233 Ira:
1621 2203 1629 2218 ⁶
1644 2198 1805 2234 Necesse
1820 2196 1902 2234 est³

627 2254 728 2300 prius
741 2255 910 2290 virtutem
928 2266 974 2289 ex
992 2256 1114 2290 animo
1132 2255 1252 2297 tollas,
1266 2267 1377 2301 quarn
1396 2256 1622 2291 iracundiam
1636 2255 1797 2302 recipias,
1811 2266 1903 2301 quo-

627 2312 724 2348 niam
750 2322 832 2347 curn
858 2312 1052 2348 virtutibus
1077 2313 1165 2348 vitia
1192 2323 1265 2348 non
1299 2319 1454 2355 coeunt;
1479 2323 1546 2349 nec
1568 2313 1685 2358 magis
1705 2313 1900 2359 quisquam

626 2370 757 2404 eodem
775 2376 941 2414 tempore
961 2376 998 2404 et
1017 2370 1130 2404 iratus
1145 2376 1268 2417 potest
1284 2381 1363 2405 esse
1380 2377 1416 2407 et
1434 2371 1490 2406 vir
1511 2371 1641 2411 bonus.
1656 2381 1769 2416 quam
1794 2381 1905 2416 aeger

627 2433 666 2462 et
688 2426 819 2462 uanus!
857 2427 1023 2473 Denique
1037 2427 1132 2462 tollit
1150 2427 1303 2463 virtutes
1316 2429 1563 2463 nobilissimas
1581 2428 1716 2464 scilicet
1734 2438 1904 2463 mansue·

628 2483 801 2523 tudinem.
837 2482 1077 2526 clementiam,
1112 2486 1465 2530 magnanimitatem,
1494 2487 1681 2532 pietatem,
1714 2487 1904 2532 gaudium,

627 2548 664 2578 et
683 2552 810 2587 pacem
828 2541 957 2577 cordis.
1008 2541 1228 2578 Aristotelea
1245 2543 1340 2578 enim
1362 2543 1396 2578 in
1414 2549 1545 2590 quarto
1563 2542 1654 2578 libro
1674 2542 1904 2583 Ethicorum‚

627 2601 736 2635 docet
752 2600 852 2644 quod
877 2600 1118 2635 mansuetudo
1141 2606 1196 2635 est
1214 2600 1330 2635 virtus
1355 2601 1534 2636 contraria
1556 2601 1641 2635 irae.
1694 2600 1743 2636 Et
1763 2600 1904 2638 Seneca

627 2657 715 2692 dicit
735 2657 770 2691 in
786 2655 906 2701 primo
920 2655 1013 2691 libro
1029 2656 1079 2692 de
1092 2656 1310 2701 Clementia,
1323 2658 1461 2693 nullam
1474 2658 1487 2679 ³
1506 2669 1554 2693 ex
1572 2658 1745 2693 omnibus
1757 2658 1903 2694 virtuti-

615 2714 697 2749 bus
719 2713 859 2750 homini
884 2713 1002 2760 tnagis
1027 2714 1219 2750 convenire
1241 2725 1352 2760 quam
1370 2715 1614 2756 clementiam.
1632 2725 1715 2751 cum
1733 2715 1782 2751 sit
1802 2716 1904 2752 nulla

628 2771 832 2806 humanior*
883 2770 958 2807 Sed
978 2772 1028 2806 ira
1050 2771 1214 2809 excludit
1234 2772 1467 2809 clementiam
1485 2773 1572 2818 quia
1591 2773 1627 2809 in
1645 2772 1901 2810 crudelitatem

627 2830 846 2875 degenerati
870 2840 966 2875 quae
988 2830 1187 2866 crudelitas
1203 2836 1260 2866 est
1279 2837 1376 2866 recte
1396 2832 1576 2866 contraria
1596 2831 1836 2874 clementiam
1861 2837 1903 2867 ut

627 2886 719 2922 dicit
737 2886 878 2923 Seneca
895 2886 990 2923 libro
1006 2887 1176 2923 secundo.

665 2953 671 2967 ¹
692 2952 735 2979 De
747 2952 803 2986 Im,
821 2953 837 2978 ii
861 2961 902 2987 23.
1136 2955 1145 2968 ²
1164 2954 1199 2980 ib.
1214 2954 1240 2981 ii.
1259 2962 1299 2982 m.
1504 2956 1512 2967 ²
1533 2953 1574 2981 De
1589 2954 1745 2988 (Ἰωνικὴ,
1760 2955 1778 2982 i.
1790 2963 1818 2989 3.
