2350 3580
601 718 669 762 316
837 717 1010 751 OPERIS
1037 717 1246 758 uAJORJs
1271 717 1401 750 PARS
1425 716 1644 751 SEPTIMA.

601 809 665 856 qui
690 809 823 845 divites
846 809 943 845 facit.
995 808 1069 845 Hie
1092 808 1131 844 in
1157 808 1271 844 exilia
1295 809 1470 855 sequitur,
1493 814 1533 845 et
1553 808 1594 844 in
1618 807 1880 845 solitudinibus

603 867 821 914 asperrimis,
839 877 923 902 cum
941 871 1119 912 quantum
1137 860 1228 916 gnatis
1249 870 1307 902 ωε
1323 866 1538 902 sustinendo
1562 866 1706 912 corpori
1728 866 1879 902 invenit.

603 925 681 970 ipse
704 923 809 960 bonis
830 924 906 959 suis
928 923 1092 959 abundat
1116 929 1152 959 et
1180 922 1330 965 frustum
1354 923 1512 970 pecunia
1536 923 1583 960 ad
1608 923 1770 959 animum
1788 922 1879 958 nihil

603 982 759 1028 pertinet
792 992 866 1017 non
900 981 1018 1028 magis
1052 992 1163 1027 quam
1199 981 1245 1017 ad
1279 981 1390 1017 deum
1425 980 1678 1018 immortalem.
1740 980 1879 1017 Omnia

605 1040 676 1074 ista
692 1066 702 1074 .
721 1066 728 1074 .
748 1065 757 1074 .
774 1039 928 1086 lapides,
946 1050 1085 1080 aurum,
1103 1044 1297 1085 argentum
1323 1044 1361 1073 et
1387 1039 1512 1086 mag-ni
1537 1049 1743 1074 mensarum
1771 1038 1880 1073 orbes

602 1102 748 1133 terrena
764 1101 850 1132 sunt
867 1097 1032 1143 pondera
1050 1107 1150 1142 quae
1162 1107 1236 1131 non
1256 1101 1382 1143 potest
1403 1107 1529 1132 amare
1547 1097 1709 1132 sincerus
1734 1097 1879 1131 animus

603 1165 646 1190 ac
679 1160 831 1190 naturae
861 1146 950 1189 suae
986 1165 1137 1195 memor,
1170 1153 1261 1190 levis
1293 1154 1381 1200 ipse,
1410 1164 1554 1201 expers,
1585 1160 1623 1190 et
1654 1154 1879 1200 quandoque

603 1212 759 1247 emissus
782 1211 890 1248 fuerit
917 1212 963 1247 ad
990 1222 1134 1246 summa
1159 1212 1403 1248 emicaturus:
1436 1212 1581 1248 interim
1607 1218 1788 1258 quantum
1814 1221 1880 1258 per

604 1280 726 1305 moras
750 1270 1000 1305 membrorum
1028 1274 1066 1304 et
1092 1270 1191 1304 hanc
1225 1269 1481 1305 circumfusam
1512 1280 1661 1316 gravem
1695 1268 1877 1304 sarcinam

601 1327 698 1371 licet,
716 1328 821 1364 celeri
846 1333 883 1363 et
899 1327 1035 1363 volucri
1059 1328 1288 1372 cogitatione
1308 1327 1432 1363 divina
1456 1327 1663 1373 perlustrat.
1714 1327 1880 1373 Ideoque

606 1395 671 1420 nec
696 1383 870 1421 exulare¹
890 1395 1050 1430 unquam
1072 1390 1196 1430 potest
1224 1384 1316 1420 liber
1340 1390 1379 1420 et
1403 1385 1487 1421 Deo
1512 1390 1689 1430 cognatus
1714 1390 1753 1420 et
1777 1384 1879 1420 omni

605 1443 746 1479 mundo
768 1443 943 1488 omnique
968 1453 1061 1479 aevo
1084 1453 1152 1488 par
1172 1469 1183 1476 .
1205 1467 1213 1476 .
1239 1467 1245 1476 .
1265 1442 1533 1488 Corpusculum
1552 1442 1632 1485 hoc,
1648 1442 1817 1478 custod-ta
1843 1447 1880 1477 et

604 1499 788 1542 ¹vinculum
815 1501 939 1543 animi,
964 1500 1037 1535 huc
1061 1506 1174 1546 atque
1200 1500 1285 1534 illuc
1305 1499 1478 1545 jactatur.
1523 1499 1565 1535 In
1593 1499 1663 1535 hoc
1688 1499 1880 1546 supplicia,

605 1557 641 1592 in
667 1557 737 1593 hoc
764 1557 961 1600 latrocinia,
990 1558 1025 1592 in
1050 1557 1122 1593 hoc
1148 1557 1268 1593 morbi
1294 1562 1533 1598 exer-centum
1563 1557 1705 1593 animus
1729 1557 1880 1603 quidem

604 1615 684 1661 ipse
708 1626 810 1651 sacer
835 1622 872 1651 et
897 1621 1065 1651 aeternus
1092 1621 1157 1656 est,
1185 1621 1223 1650 et
1248 1616 1305 1650 cui
1332 1626 1405 1651 non
1430 1615 1547 1661 possit
1572 1614 1667 1661 injici
1688 1613 1844 1651 manus?

418 1678 462 1705 Ad
497 1715 502 1722 ⁵
655 1698 662 1707 .
684 1699 695 1709 .
715 1699 723 1708 .
744 1673 903 1718 ‘Aspice
927 1678 1068 1718 quanto
1092 1672 1212 1717 major
1235 1684 1321 1718 pars
1345 1673 1394 1708 sit
1418 1666 1621 1719 pauperum
1645 1683 1738 1718 quos
1764 1672 1883 1708 nihilo

417 1714 561 1787 ffiff‘ffi‘fh
605 1731 751 1766 notabis
777 1731 952 1766 tristiores
985 1729 1288 1776 sollicitioresque
1316 1729 1514 1766 divitibus:
1542 1731 1656 1766 immo
1684 1730 1808 1766 nescio
1833 1741 1880 1765 an

605 1799 649 1824 eo
675 1787 845 1824 laetiores
869 1788 954 1831 sint,
968 1788 1069 1834 quod
1094 1789 1239 1824 animus
1265 1787 1412 1824 illorum
1436 1787 1474 1823 in
1498 1787 1674 1834 pauciora
1689 1787 1880 1834 distringi·

604 1851 664 1880 tur
687 1872 697 1881 .
723 1871 732 1880 .
759 1869 769 1877 .
797 1845 860 1880 Me
888 1846 1037 1892 quidem
1065 1846 1236 1892 quotiens
1270 1846 1316 1881 ad
1342 1846 1494 1892 antiqua
1518 1845 1693 1892 exempla
1723 1845 1883 1890 respexi,

602 1904 830 1949 paupertatis
852 1904 907 1938 uti
926 1903 1068 1938 solatiis
1089 1903 1216 1949 pudet,
1234 1904 1412 1949 quoniam
1427 1904 1576 1949 quidem
1601 1914 1645 1938 eo
1667 1909 1880 1948 temporum

604 1960 750 1996 luxuria
768 1960 939 2007 prolapsa
957 1966 1021 2003 est,
1039 1966 1081 1996 ut
1099 1959 1219 2006 majus
1234 1960 1407 1997 viaticum
1425 1960 1576 1996 exulum
1594 1962 1644 1996 sit
1661 1971 1773 2007 quam
1790 1959 1880 1996 olim

603 2018 863 2063 patrimonium
887 2018 1091 2065 principum
1114 2018 1192 2054 fuit.
1245 2018 1372 2055 Unum
1399 2019 1507 2054 fuisse
1532 2019 1698 2054 Homero
1723 2029 1883 2061 servum,

604 2080 677 2111 tres
698 2075 852 2115 Platoni,
870 2076 1010 2111 nullum
1033 2076 1172 2111 Zenoni
1194 2088 1216 2111 a
1233 2087 1308 2122 quo
1325 2076 1446 2121 coepit
1472 2076 1681 2112 Stoicorum
1702 2076 1820 2121 rigida
1837 2087 1883 2111 ac

604 2133 712 2168 virilis
746 2134 925 2179 sapientia
961 2131 1065 2181 [satis
1093 2131 1270 2182 constat]-
1333 2134 1432 2169 Num
1467 2145 1556 2180 ergo
1589 2134 1783 2180 quisquam
1817 2145 1884 2169 eos

606 2191 735 2226 misere
758 2191 895 2226 vixisse
917 2191 1026 2235 dicet,
1043 2196 1084 2227 ut
1108 2202 1183 2227 non
1208 2192 1285 2237 ipse
1310 2192 1532 2227 miserrimus
1552 2191 1601 2227 ob
1622 2191 1694 2227 hoc
1709 2191 1883 2228 omnibus

602 2247 814 2285 videatur?'

419 2315 487 2350 Cap.
507 2321 548 2349 ¹3·
652 2306 901 2351 'Responderi
935 2311 1081 2353 potest:
1121 2307 1221 2352 Quid
1256 2307 1452 2342 artificiose
1494 2308 1563 2342 ista
1603 2307 1754 2351 diducis,
1786 2318 1885 2353 quae

603 2363 746 2410 singula
768 2363 937 2399 sustineri
961 2368 1125 2410 possunt,
1145 2363 1279 2400 collata
1300 2376 1372 2400 non
1394 2368 1577 2410 possunt?
1627 2364 1886 2401 Commutatio

604 2420 672 2456 loci
688 2420 890 2455 tolerabilis
908 2428 974 2462 est,
992 2421 1021 2456 si
1039 2426 1188 2456 tantum
1206 2422 1330 2458 locum
1347 2428 1478 2458 mutes.
1530 2421 1731 2467 Paupertas
1749 2422 1885 2458 tolera-

604 2478 687 2513 bilis
712 2483 779 2522 est,
797 2479 826 2513 si
852 2479 1054 2524 ignominia
1079 2478 1176 2514 absit
1201 2491 1296 2524 quae
1319 2479 1376 2514 vel
1403 2479 1483 2525 gela
1507 2481 1716 2527 opprimere
1740 2481 1885 2516 animos

604 2535 708 2571 solet.
759 2535 950 2572 Adversus
977 2536 1072 2572 hunc
1097 2538 1263 2583 quisquis
1290 2549 1350 2572 me
1376 2538 1556 2573 malorum
1585 2539 1692 2573 turba
1718 2538 1886 2580 terrebit,

604 2593 659 2629 his
675 2593 795 2629 verbis
818 2594 994 2629 utendum
1019 2594 1110 2636 erit:
1146 2593 1188 2630 Si
1210 2601 1339 2631 contra
1366 2605 1476 2630 unam
1505 2595 1712 2641 quamlibet
1737 2601 1883 2642 partem

606 2651 773 2686 fortunae
803 2652 894 2686 satis
926 2651 992 2686 tibi
1028 2653 1169 2686 roboris
1204 2658 1272 2695 est,
1303 2653 1401 2687 idem
1432 2653 1607 2690 adversus
1640 2664 1769 2689 omnen
1804 2653 1885 2691 erit.

606 2708 700 2744 Cum
719 2709 835 2744 semel
848 2710 1010 2744 animum
1030 2710 1143 2744 virtus
1161 2711 1392 2755 induraverit,
1406 2711 1565 2756 undique
1585 2710 1883 2746 invulnerabilem

605 2771 790 2812 praestat3
830 2766 859 2802 si
892 2766 1043 2802 avaritia
1079 2772 1119 2802 te
1152 2768 1343 2809 dimiserit.
1376 2767 1698 2804 vehementissima
1740 2770 1887 2815 generis

604 2822 755 2858 humani
782 2824 910 2871 pestis,
934 2835 1074 2860 moram
1101 2824 1168 2860 tibi
1196 2825 1351 2861 ambitio
1376 2837 1450 2861 non
1474 2825 1594 2862 saciet.
1645 2824 1685 2862 Si
1711 2826 1884 2862 ultimum

604 2881 706 2916 diem
730 2893 803 2918 non
830 2883 931 2928 quasi
958 2894 1116 2928 poenam
1141 2884 1208 2919 sed
1234 2884 1336 2931 quasi
1359 2890 1513 2920 naturae
1531 2883 1652 2931 legem
1673 2884 1816 2932 aspicis,
1835 2896 1885 2920 ex

1099 2953 1108 2969 ¹
1127 2955 1296 2989 exclamare,
1313 2954 1396 2989 MSS.
