2350 3580
1499 368 1501 378 r

1499 471 1500 480 η

379 339 1497 577 -

1499 564 1503 574 ι

666 770 1026 805 PERSPECTWAE
1051 771 1179 806 PARS
1206 771 1361 805 PRIMA
1374 785 1385 805 .-
1423 771 1544 806 DIST.
1574 772 1602 806 1.
1752 780 1772 815 7

499 872 521 897 e
539 861 731 905 contrario,
746 868 786 898 et
805 861 876 898 hoc
898 863 1062 898 maxime
1083 863 1121 898 in
1143 866 1251 907 terra,
1266 861 1482 899 secundario
1503 861 1539 898 in
1555 862 1647 908 igne.
1697 861 1772 899 Hic

498 929 584 955 vero
597 924 748 956 vocatur
764 919 961 956 humiditas
973 931 1040 966 pro
1051 919 1190 966 liquido
1203 924 1241 955 et
1253 919 1403 963 lubrico,
1414 924 1454 956 et
1470 920 1607 956 siceum
1618 923 1773 956 vocatur

499 977 641 1012 aridum
658 981 696 1012 et
711 977 959 1024 coagulatum.
1010 977 1060 1012 Et
1077 981 1133 1012 est
1148 977 1201 1013 εἰς
1223 977 1272 1012 de
1293 977 1421 1013 multis
1441 977 1532 1021 aliis,
1547 988 1644 1023 quae
1665 977 1773 1012 redu-

498 1039 630 1070 cuntur
652 1034 702 1070 ad
731 1034 871 1081 species
899 1040 938 1070 et
967 1034 1097 1070 modos
1123 1034 1323 1070 visibilium
1355 1033 1574 1081 principales
1607 1034 1772 1081 superius

497 1098 740 1128 enumeratos.
791 1092 841 1128 Et
858 1092 949 1129 haec
966 1092 1092 1128 omnia
1114 1097 1243 1139 patent
1263 1103 1314 1128 ex
1336 1090 1481 1139 prii-110¹
1497 1091 1702 1128 Ptolemaei
1724 1092 1772 1128 de

497 1149 630 1194 opticin
646 1154 685 1185 et
700 1161 750 1185 ex
768 1150 929 1185 secundo
946 1150 1117 1185 Alhazen
1133 1150 1183 1185 de
1203 1150 1425 1197 aspectibus,
1444 1154 1481 1185 et
1505 1161 1555 1185 ex
1579 1149 1662 1185 aliis
1685 1161 1769 1186 auc-

497 1206 639 1242 toribus
654 1208 913 1254 perspectivae.
950 1207 1001 1243 Et
1017 1212 1103 1242 sunt
1119 1207 1305 1243 sensibilia
1321 1207 1544 1250 communia,
1555 1207 1604 1242 de
1615 1218 1769 1254 quorum

496 1263 678 1310 aliquibus
702 1264 952 1311 exemplificat
982 1264 1201 1300 Aristoteles
1230 1265 1394 1301 secundo
1421 1265 1470 1301 de
1497 1263 1641 1301 Anima
1669 1270 1707 1300 et
1734 1265 1772 1300 in

497 1322 675 1368 principio
704 1322 752 1356 de
779 1321 898 1358 Sensu
921 1328 958 1356 et
981 1321 1150 1364 Sensato,
1169 1328 1214 1358 ut
1232 1322 1281 1357 de
1305 1321 1567 1369 magnitudine,
1587 1326 1626 1359 et
1646 1321 1772 1368 figura.

497 1383 609 1423 motu,
635 1380 757 1425 quiete
781 1385 819 1414 et
846 1390 1019 1422 numero;
1043 1380 1109 1414 sed
1133 1390 1209 1415 non
1234 1379 1355 1414 solum
1381 1384 1470 1415 sunt
1493 1380 1561 1415 ista
1585 1379 1770 1415 sensibilia

495 1436 706 1472 communia
728 1436 795 1472 sed
819 1436 943 1472 omnia
969 1436 1165 1483 praedicta,
1189 1428 1272 1473 licet
1291 1435 1423 1483 vulgus
1447 1435 1667 1473 naturalium
1694 1447 1771 1482 non

495 1494 698 1530 consideret
713 1494 795 1537 hoc,
810 1494 897 1539 quia
914 1505 986 1530 non
1003 1501 1060 1530 est
1082 1500 1281 1541 expertum
1305 1505 1370 1542 per
1390 1494 1578 1530 seientiam
1603 1505 1771 1542 perspec-

494 1552 601 1587 tivae.
650 1551 749 1587 Nam
775 1551 954 1587 sensibilia
979 1553 1188 1587 communia
1212 1563 1284 1587 non
1310 1552 1361 1588 sic
1385 1553 1554 1588 dicuntur
1577 1553 1663 1598 quia
1688 1563 1772 1588 sen-

494 1609 630 1644 uantur
657 1621 680 1645 a
705 1621 812 1645 sensu
841 1610 1037 1653 communi,
1059 1610 1123 1645 sed
1150 1610 1236 1655 quia
1265 1610 1505 1645 communiter
1530 1610 1577 1645 ab
1603 1609 1769 1645 erunibus

494 1666 659 1702 sensibus
672 1666 948 1712 particularibus
960 1666 1019 1702 vel
1032 1678 1054 1702 a
1067 1667 1232 1712 pluribus
1245 1667 1545 1708 determinantur.
1555 1672 1594 1702 et
1607 1667 1768 1703 maxime

493 1735 515 1758 a
538 1724 617 1760 visu
641 1728 680 1758 et
705 1730 817 1767 tactu,
832 1724 919 1770 quia
946 1723 1183 1760 Ptolemaeus
1208 1724 1294 1759 dicit
1319 1723 1481 1761 secund&
1506 1725 1768 1770 perspectivae,

493 1782 593 1827 quod
610 1786 732 1818 tactus
748 1786 788 1817 et
803 1782 901 1817 visus
918 1782 1192 1817 communicant
1212 1781 1250 1816 ln
1268 1782 1439 1817 omnibus
1454 1781 1511 1816 his
1526 1781 1666 1827 viginti.
1715 1781 1767 1817 Et

493 1838 585 1875 haec
599 1838 727 1886 viginti
744 1850 889 1880 novem.
903 1849 988 1874 cum
1006 1838 1057 1874 eis
1074 1850 1170 1886 quae
1187 1838 1410 1874 reducuntur
1425 1838 1474 1874 ad
1490 1849 1551 1881 ea,
1561 1838 1767 1875 sentiuntur

492 1907 515 1931 a
539 1896 704 1932 sensibus
728 1896 1012 1943 particularibus,
1030 1901 1068 1931 et
1092 1907 1202 1932 sensu
1227 1896 1421 1938 communi,
1439 1900 1476 1930 et
1496 1896 1768 1942 imagitiatione‚

492 1961 530 1989 et
548 1965 622 1989 non
637 1959 790 2000 possunt
807 1954 877 1990 hae
891 1954 1043 1990 virtutes
1059 1954 1204 1990 animae
1221 1955 1270 1990 de
1292 1953 1372 1989 aliis
1394 1952 1627 1990 sensibilibus
1643 1964 1711 2000 per
1726 1965 1768 1990 se

487 2010 650 2057 judicare
665 2011 730 2048 nisi
747 2023 815 2058 per
828 2011 1005 2048 accidens.

951 2161 1200 2199 Cari-runnu
1227 2161 1295 2198 IV.

538 2256 599 2292 De
627 2245 905 2304 investigatione
926 2257 1179 2293 aestimativae
1207 2261 1244 2292 et
1270 2257 1470 2292 memoriae
1486 2261 1524 2293 et
1541 2257 1765 2302 cogitativae

489 2313 646 2350 virtutis.

537 2409 633 2444 Sunt
664 2415 788 2444 autem
821 2408 892 2444 alia
926 2409 1110 2447 sensibilia
1141 2420 1208 2455 per
1245 2421 1296 2453 se,
1329 2420 1414 2445 narn
1450 2409 1556 2445 bruta
1589 2408 1760 2444 animalia
1774 2418 1836 2447 The
1845 2418 1948 2454 sacnti,

490 2473 642 2503 utuntur
665 2467 746 2502 solo
768 2477 886 2510 sensu,
901 2467 988 2512 quia
1013 2478 1085 2502 non
1109 2467 1248 2502 habent
1271 2467 1505 2502 intellectum.
1555 2467 1605 2502 Et
1623 2467 1712 2511 ovis,
1728 2467 1758 2502 si

488 2534 678 2570 nunquam
706 2523 837 2560 viderit
870 2523 1010 2570 lupum,
1034 2523 1129 2570 fugit
1156 2536 1241 2560 eum
1265 2524 1401 2564 statim.
1425 2528 1463 2560 et
1489 2535 1598 2560 omne
1622 2524 1760 2560 animal

487 2582 594 2618 timet
621 2581 668 2618 ad
693 2582 855 2627 rugitum
879 2581 1003 2624 leonis,
1030 2582 1098 2617 etsi
1123 2592 1313 2626 nunquam
1345 2581 1525 2618 audiverit
1558 2580 1661 2627 prius
1693 2593 1760 2619 nec

487 2639 630 2683 viderit,
654 2643 694 2674 et
719 2640 771 2674 sic
799 2643 857 2674 est
884 2639 933 2673 de
963 2638 1085 2674 multis
1114 2650 1212 2684 quae
1236 2643 1322 2674 sunt
1349 2639 1478 2674 nociva
1510 2643 1547 2674 et
1578 2639 1760 2674 contraria

487 2693 735 2740 complexioni
768 2693 989 2730 animlium.
1057 2693 1106 2729 Et
1140 2694 1272 2730 eodem
1310 2694 1423 2730 modo
1455 2694 1504 2730 de
1537 2693 1687 2730 utilibus
1719 2699 1759 2730 et

486 2750 792 2789 convenientibus.
866 2751 965 2786 Nam
1003 2751 1034 2786 si
1070 2762 1188 2796 agnus
1225 2762 1412 2796 nunquam
1444 2751 1575 2786 viderit
1609 2762 1758 2796 agnum,

485 2810 597 2845 currit
621 2809 668 2844 ad
695 2819 790 2853 eum,
817 2813 855 2843 et
882 2808 1039 2843 libenter
1070 2815 1234 2844 moratur
1261 2819 1345 2844 curn
1372 2820 1428 2851 eo,
1445 2814 1484 2844 et
1510 2809 1563 2844 sic
1589 2809 1636 2844 de
1665 2806 1756 2844 aliis.

487 2866 602 2903 Bruta
618 2877 706 2912 ergo
723 2865 859 2912 aliquid
875 2866 1035 2901 sentiunt
1061 2865 1099 2900 in
1114 2865 1223 2901 rebus
1240 2865 1538 2902 convenientibus
1554 2871 1594 2902 et
1609 2865 1758 2911 nodvis,

521 2945 578 2973 ¹12
589 2954 684 2974 seem
696 2945 757 2973 that
768 2945 866 2973 naon
879 2946 936 2973 lud
948 2954 1045 2973 necess
1059 2949 1088 2973 ω
1101 2946 1151 2973 the
1164 2946 1228 2973 first
1239 2945 1315 2974 book
1332 2946 1365 2973 oi*
1380 2944 1535 2981 Pteleny’s
1549 2945 1648 2982 onan,
1662 2936 1758 2974 which

486 2991 513 3018 is
525 2993 575 3017 not
587 2997 655 3017 now
666 2988 869 3017 discover-able.
907 2988 976 3025 [See
989 2988 1091 3017 Govi’s
1103 2988 1223 3024 edition,
1237 2988 1335 3024 Tui-in,
1353 2988 1447 3025 ¹⁸⁸5]

1774 2455 1807 2482 of
1813 2455 1910 2490 judge-

1774 2496 1856 2519 ment.
