2350 3580
621 512 690 546 412
918 499 1208 536 MULTJPLJCA
1214 503 1244 535 T
1239 503 1262 535 I
1261 503 1292 535 O
1318 501 1599 536 SPECIERUM.

622 594 710 639 quia
727 593 766 628 in
782 592 1089 640 praedicamentis
1106 581 1349 628 accidentium
1371 603 1451 627 esse
1471 603 1543 628 non
1562 597 1697 637 potest,
1712 591 1808 638 quia
1833 602 1913 628 non

623 651 806 697 contingit
823 650 893 686 hoc
909 646 1087 697 assignari
1108 650 1144 685 in
1169 661 1245 696 quo
1270 645 1698 696 praedicamento'esset,
1721 660 1850 696 neque
1873 650 1913 685 in

623 714 768 744 tantum
790 709 905 754 possit
927 709 1067 754 primus
1092 706 1245 743 effectus
1267 707 1430 753 elongari
1451 707 1499 743 ab
1526 712 1658 753 agente
1678 712 1721 742 ut
1738 711 1913 743 transeat

624 765 662 801 in
686 765 787 802 aliud
813 766 1162 812 praedicamentum.
1212 764 1346 801 Nullus
1371 765 1468 801 enim
1494 770 1618 811 potest
1647 765 1773 801 dicere
1802 764 1910 811 quod

622 823 765 868 species
790 822 970 867 albedinis
996 828 1034 859 et
1060 822 1153 858 lucis
1179 823 1312 859 transit
1341 822 1378 858 in
1406 821 1508 858 aliud
1539 822 1911 869 praedicamentum3

623 886 662 916 et
688 881 773 917 ideo
798 892 864 917 nec
889 881 1030 927 species
1054 880 1159 927 ignis,
1184 881 1380 932 praecipue
1415 891 1499 916 cum
1526 891 1594 926 per
1621 880 1716 917 hanc
1740 880 1910 926 speciem

623 938 767 974 dicatur
788 939 883 985 ignis
898 938 1074 985 generari.
1123 938 1279 974 Nullum
1297 938 1395 974 enim
1412 938 1582 974 accidens
1602 944 1657 974 est
1682 938 1909 985 principium

625 997 822 1043 generandi
848 996 1104 1039 substantiam,
1128 997 1192 1032 sed
1220 1007 1287 1032 nec
1312 1001 1437 1043 potest
1467 1007 1547 1031 esse
1561 996 1665 1032 aeris
1688 995 1748 1031 vel
1775 1006 1912 1042 aquae,

626 1065 694 1090 nec
712 1054 748 1089 in
765 1054 890 1100 aliqua
910 1054 1031 1100 specie
1050 1053 1317 1100 specialissima
1337 1054 1576 1097 substantiae,
1593 1064 1659 1089 nec
1683 1053 1912 1105 subalterne,

626 1117 667 1148 ut
686 1117 800 1158 patet.
852 1112 977 1158 Quare
999 1117 1147 1158 oportet
1167 1112 1268 1158 quod
1286 1112 1334 1147 sit
1352 1112 1388 1147 in
1404 1112 1534 1148 eadem
1552 1111 1673 1158 specie
1698 1123 1786 1147 curn
1810 1112 1910 1157 igne.

627 1169 707 1205 Nec
736 1170 907 1205 convenit
933 1169 1007 1206 dici
1040 1169 1142 1215 quod
1173 1175 1232 1205 est
1266 1169 1428 1205 medium
1462 1169 1556 1205 inter
1587 1169 1839 1205 substantiam
1868 1174 1909 1204 et

626 1228 807 1272 accidens.
824 1228 912 1274 quia
934 1227 1209 1274 metaphysicus
1232 1227 1364 1273 probat
1387 1227 1487 1273 quod
1511 1227 1607 1263 inter
1623 1238 1668 1263 ea
1685 1237 1759 1262 non
1782 1232 1912 1273 potest

628 1296 708 1321 esse
742 1285 914 1321 medium.
964 1285 1091 1331 Atque
1124 1289 1200 1321 non'
1230 1289 1353 1331 potest
1384 1285 1460 1320 dici
1493 1285 1594 1330 quod
1629 1285 1827 1321 reducatur
1859 1284 1911 1319 ad

627 1343 788 1389 speciem
821 1343 917 1389 ignis
948 1342 1263 1388 specialissimam,
1287 1349 1325 1379 et
1349 1343 1398 1377 sit
1424 1343 1462 1382 in
1487 1343 1618 1378 eodem
1644 1352 1779 1388 genere
1804 1347 1845 1377 et
1871 1341 1911 1376 in

628 1400 759 1436 eadem
792 1401 914 1446 specie
948 1400 1209 1446 specialissima
1246 1399 1365 1435 solum
1400 1410 1467 1446 per
1503 1399 1779 1443 reductionem;
1817 1399 1912 1446 quia

628 1458 813 1504 quaelibet
836 1469 894 1494 res
915 1458 1031 1494 habet
1056 1458 1217 1504 aliquam
1239 1458 1434 1494 essentiam
1459 1462 1501 1492 et
1524 1453 1704 1500 naturam,
1727 1467 1828 1502 quae
1852 1463 1913 1493 ωε

631 1516 835 1552 necessario
875 1515 1082 1551 substantia
1113 1515 1378 1563 determinata,
1414 1514 1472 1550 vel
1514 1515 1706 1563 accidens;
1741 1520 1780 1550 et
1824 1515 1913 1551 ideo

629 1574 833 1609 secundum
858 1584 899 1608 se
921 1572 1163 1620 collocabitur
1187 1578 1225 1608 et
1249 1584 1314 1618 per
1332 1584 1373 1608 se
1389 1572 1426 1607 in
1449 1571 1572 1618 aliqua
1592 1582 1711 1607 rerum
1737 1572 1914 1616 manerie,

629 1636 667 1667 et
692 1631 762 1667 hoc
786 1637 843 1667 est
868 1630 906 1666 in
929 1629 1055 1676 aliquo
1077 1630 1474 1677 praedicamentorum,
1489 1635 1527 1665 et
1549 1629 1586 1664 in
1611 1629 1737 1675 aliquo
1761 1640 1914 1676 genere,

629 1694 668 1724 et
684 1689 720 1724 in
738 1688 860 1734 aliqua
879 1688 1000 1735 specie
1017 1688 1291 1734 specialissima.

443 1756 616 1784 Ina-tration
681 1746 775 1782 Item
795 1757 859 1792 per
877 1745 1152 1781 Ptolemaeum¹
1169 1746 1332 1781 secundo
1348 1746 1396 1781 de
1414 1743 1561 1791 Opticis
1578 1744 1653 1780 sive
1669 1745 1718 1781 de
1729 1742 1911 1791 Aspecti-

442 1792 615 1858 fflcgsstffi·
630 1803 700 1839 bus
721 1804 930 1840 declaratur
952 1803 1052 1849 quod
1076 1814 1098 1838 a
1123 1803 1245 1838 colore
1269 1808 1307 1838 et
1330 1803 1412 1838 luce
1433 1802 1583 1838 advenit
1607 1802 1730 1838 medio
1753 1807 1792 1837 et
1814 1803 1913 1838 visui

629 1862 810 1898 coloratio
838 1867 875 1897 et
901 1861 1130 1904 illuminatio,
1155 1860 1221 1895 sed
1250 1860 1428 1895 coloratio
1453 1871 1526 1895 non
1556 1866 1612 1895 est
1638 1860 1704 1895 nisi
1732 1871 1798 1905 per
1829 1871 1914 1896 esse

631 1919 773 1962 coloris,
789 1930 855 1955 nec
872 1918 1090 1954 illuminatio
1107 1918 1176 1953 nisi
1196 1929 1260 1964 per
1277 1929 1357 1953 esse
1375 1917 1487 1959 lucis;
1513 1923 1550 1953 et
1568 1918 1735 1953 videmus
1753 1918 1825 1953 hoc
1846 1929 1913 1964 per

632 1977 938 2024 experimentum.
987 1976 1086 2011 Nam
1121 1976 1245 2012 radius
1276 1975 1404 2011 solaris
1440 1976 1575 2010 cadens
1609 1986 1674 2022 per
1706 1975 1911 2011 fenestram

632 2041 689 2071 est
712 2035 819 2070 nobis
841 2033 1001 2076 visibilis,
1021 2038 1059 2068 et
1085 2033 1258 2068 immutat
1275 2033 1394 2068 visum
1418 2043 1484 2078 per
1499 2044 1540 2068 se
1557 2038 1594 2068 et
1613 2033 1744 2078 primo,
1762 2043 1832 2069 nee
1854 2039 1914 2070 est

633 2092 745 2136 color,
768 2097 807 2128 et
834 2091 917 2126 ideo
942 2097 998 2126 est
1023 2091 1090 2126 lux
1111 2102 1205 2126 vera.
1257 2089 1387 2125 Solum
1413 2090 1511 2124 enim
1540 2089 1604 2125 lux
1631 2095 1668 2125 et
1693 2089 1795 2125 color
1820 2092 1912 2126 nata

632 2155 719 2186 sunt
751 2150 947 2185 immutare
979 2149 1098 2184 visum
1132 2159 1198 2194 per
1231 2159 1271 2183 se
1304 2153 1342 2183 et
1376 2147 1508 2193 primo.
1557 2147 1733 2183 Similiter
1759 2148 1915 2193 quando

633 2207 831 2253 aspicimus
856 2206 978 2242 radios
1001 2210 1235 2252 penetrantes
1257 2205 1352 2240 vitra
1377 2205 1472 2239 bene
1492 2203 1664 2248 colorata,
1680 2204 1852 2240 videmus
1875 2207 1913 2241 in

633 2275 753 2310 opaco
776 2264 888 2310 juxta
907 2264 1042 2300 vitrum
1069 2264 1232 2299 colorem
1261 2262 1471 2298 sensibilem
1498 2263 1560 2308 qui
1589 2262 1708 2297 visum
1739 2262 1917 2299 immutat

634 2334 700 2369 per
733 2333 773 2357 se
802 2327 840 2358 et
868 2322 1097 2362 sensibiliter,
1123 2326 1161 2356 et
1186 2329 1309 2356 tamen
1335 2320 1472 2355 scimus
1495 2320 1596 2366 quod
1622 2326 1677 2356 ωε
1709 2321 1852 2366 species
1877 2327 1917 2359 et

634 2380 835 2417 similitudo
857 2379 988 2415 coloris
1005 2379 1095 2415 vitri.
1117 2411 1121 2415 .
1147 2378 1383 2425 Quapropter
1406 2379 1546 2424 species
1570 2378 1705 2414 coloris
1728 2383 1785 2414 est
1801 2379 1918 2424 color,

636 2445 675 2475 et
701 2438 839 2485 species
873 2437 964 2473 lucis
993 2442 1049 2473 est
1083 2437 1159 2478 lux,
1189 2443 1228 2472 et
1261 2436 1313 2472 sic
1344 2437 1392 2472 de
1424 2436 1619 2479 omnibus3
1653 2440 1742 2482 ergo
1774 2438 1917 2482 species

636 2497 883 2533 communicat
899 2507 983 2532 cum
1003 2507 1070 2531 suo
1087 2500 1220 2541 agente
1236 2495 1273 2530 in
1292 2500 1422 2530 natura
1439 2499 1477 2529 et
1490 2493 1711 2530 definitione.
1762 2494 1813 2530 Et
1829 2495 1917 2532 ideo

637 2556 725 2592 dicit
754 2554 978 2591 Aristoteles
1002 2554 1039 2589 in
1071 2554 1235 2590 secundo
1261 2553 1307 2588 de
1337 2552 1474 2588 Anima
1487 2551 1513 2595 ²,
1541 2552 1641 2597 quod
1664 2552 1917 2599 susceptivum

674 2666 684 2682 ⁸
703 2665 747 2693 Cf.
761 2663 834 2692 Ptol.
849 2663 956 2699 Opaca,
969 2671 1017 2699 pp.
1029 2664 1112 2697 8-15.

675 2708 687 2725 ²
705 2708 749 2737 Cf.
762 2708 806 2736 De
818 2708 937 2742 Am‘ma,
952 2707 979 2735 ii.
995 2715 1023 2742 7,
1037 2710 1051 2741 5
1065 2716 1082 2742 4
1101 2706 1159 2734 lon
1173 2706 1202 2733 δὲ
1214 2704 1357 2742 χρώμενοί
1368 2704 1419 2740 μὲν
1432 2703 1555 2733 &aanor
1570 2704 1604 2732 τὸ
1615 2703 1723 2741 ἄχρων,
1737 2703 1828 2741 ψόφον
1838 2705 1870 2734 δὶ
1884 2705 1919 2734 γὸ

637 2753 753 2790 &opor
764 2751 867 2787 ἄχρων
879 2750 903 2778 δ’
916 2750 977 2779 ἐστὶ
988 2750 1022 2778 τὸ
1034 2749 1158 2786 &eo-vir
1169 2750 1214 2778 nal
1226 2748 1259 2777 τὸ
1271 2748 1396 2785 ἀόρατον.
