2350 3580
594 742 657 778 174
858 734 1032 768 OPERIS
1057 734 1269 772 MAIORIS
1294 733 1422 767 PARS
1447 734 1615 768 SEXTA.

590 824 859 871 perspicuitatis
875 825 1083 861 consimilis.
1137 824 1292 870 Insuper
1316 824 1352 860 in
1371 823 1488 871 figura
1505 823 1576 860 alia
1592 824 1641 860 ab
1658 823 1872 870 hexagona,

588 881 795 918 dummodo
811 882 886 918 sint
903 892 1058 929 rugosae
1072 880 1289 928 superficiei.
1302 886 1343 917 ut
1363 881 1503 929 lapides
1521 880 1723 925 Hibernici,
1736 887 1775 918 et
1792 891 1871 917 non

590 939 739 975 omnino
765 938 913 986 politae,
930 950 997 976 nec
1013 939 1131 986 magis
1154 950 1308 985 asperae
1325 950 1439 985 quarn
1465 938 1527 980 illi,
1544 943 1582 975 et
1605 943 1691 976 sunt
1715 938 1808 976 tales
1834 938 1874 976 in

590 996 815 1042 proprietate
851 996 1066 1042 superficiei,
1098 997 1227 1043 quales
1262 1001 1392 1032 natura
1425 996 1595 1042 pmducit
1634 996 1872 1032 Hibernicos.

591 1052 690 1089 Nam
707 1065 879 1100 rugarum
897 1053 1090 1090 diversitas
1103 1053 1192 1090 facit
1208 1053 1458 1090 diversitatem
1472 1053 1615 1090 coloris.
1651 1052 1703 1090 Et
1717 1052 1873 1090 ulterius

590 1110 799 1146 considerat
831 1111 1064 1157 remigantes,
1098 1115 1137 1146 et
1168 1111 1209 1146 in
1242 1110 1487 1147 rorationibus
1518 1110 1783 1148 distillantibus
1819 1110 1875 1148 ab

592 1168 841 1204 instrumentis
868 1168 1018 1204 elevatis
1043 1168 1183 1205 colores
1203 1170 1359 1205 ,eosdem
1385 1169 1576 1214 experitur
1601 1168 1750 1214 quando
1778 1169 1874 1205 radii

590 1224 728 1262 solares
746 1230 937 1272 penetrant
954 1225 1165 1272 hujusmodi
1185 1227 1396 1262 rorationes.
1436 1225 1612 1262 Similiter
1627 1231 1683 1262 est
1698 1227 1745 1262 de
1763 1225 1873 1272 aquis

592 1283 806 1320 cadentibus
819 1294 841 1319 a
852 1283 941 1320 rotis
952 1283 1169 1326 molendinh
1194 1289 1231 1321 et
1243 1284 1394 1330 quando
1406 1283 1521 1320 homo
1533 1283 1665 1330 aspicit
1677 1283 1715 1320 in
1725 1288 1874 1320 aestate

590 1341 640 1376 de
656 1352 764 1376 mane
781 1341 912 1376 herbas
931 1337 1188 1387 &intingentes
1207 1347 1332 1387 guttas
1354 1341 1443 1377 roi-Is
1465 1342 1503 1376 in
1523 1346 1629 1388 prato
1648 1341 1706 1376 vel
1726 1351 1872 1388 campo.

590 1399 730 1434 videbit
764 1399 914 1434 colores.
967 1399 1017 1435 Et
1050 1399 1219 1434 similiter
1245 1400 1394 1445 quando
1425 1399 1527 1446 pluit,
1556 1399 1587 1434 si
1618 1403 1692 1434 stet
1719 1399 1757 1434 in
1787 1399 1872 1434 loco

592 1455 766 1493 umbroso
788 1462 827 1492 et
836 1456 934 1492 radii
960 1456 1054 1492 ultra
1071 1468 1154 1492 eum
1176 1462 1425 1493 transcurrant
1447 1456 1483 1492 in
1505 1455 1707 1500 stillicidiis,
1725 1461 1815 1491 tunc
1834 1455 1871 1492 in

592 1524 709 1559 opaco
729 1525 846 1561 prope
866 1514 1098 1561 apparebunt
1119 1514 1281 1555 colores;
1306 1520 1344 1550 et
1367 1514 1556 1550 multoties
1577 1514 1625 1550 de
1644 1520 1754 1550 nocte
1772 1513 1872 1550 circa

590 1571 782 1606 candelam
799 1576 979 1618 apparent
997 1571 1145 1607 colores.
1181 1570 1311 1617 Atque
1323 1572 1353 1606 si
1372 1571 1485 1607 homo
1502 1572 1538 1607 in
1555 1576 1707 1614 aestate,
1718 1572 1872 1617 quando

590 1628 708 1675 surgit
732 1639 755 1664 a
777 1638 908 1664 somno
932 1634 970 1665 et
991 1629 1104 1664 habet
1121 1629 1250 1665 oculos
1274 1629 1439 1665 nondum
1457 1630 1552 1664 bene
1568 1634 1725 1675 apertos,
1743 1629 1872 1665 subito

589 1685 743 1731 aspiciat
779 1687 828 1722 ad
862 1686 1026 1722 foramen
1061 1697 1125 1732 per
1158 1687 1259 1732 quod
1294 1686 1405 1722 intrat
1443 1686 1564 1722 radius
1596 1686 1695 1732 solis,
1727 1685 1871 1722 videbit

589 1743 739 1779 colores.
790 1743 839 1778 Et
866 1744 895 1778 si
919 1744 1052 1778 sedens
1082 1744 1174 1778 ultra
1201 1743 1316 1778 solem
1345 1744 1524 1779 extendat
1552 1744 1730 1790 capitium
1758 1754 1871 1779 suum

590 1800 686 1836 ultra
711 1799 848 1844 oculos,
869 1800 1009 1836 videbit
1032 1800 1199 1843 colores3
1223 1807 1263 1838 et
1287 1800 1454 1836 similiter
1478 1801 1510 1836 si
1534 1800 1683 1836 claudat
1707 1799 1870 1845 oculum,

590 1858 767 1904 contingit
799 1858 898 1894 idern
930 1858 999 1894 sub
1034 1858 1163 1894 umbra
1203 1858 1498 1905 superciliorum:
1532 1863 1570 1894 et
1603 1858 1734 1894 iterum
1767 1858 1870 1894 idem

588 1916 721 1951 accidit
750 1927 817 1963 per
848 1927 912 1950 vas
942 1916 1097 1951 vitreum
1126 1916 1279 1963 plenum
1313 1927 1410 1962 aqua
1443 1917 1480 1951 in
1510 1916 1621 1951 radiis
1652 1915 1745 1951 solis.
1785 1915 1870 1952 ·Ve1

588 1974 752 2009 similiter
769 1973 799 2008 si
816 1973 899 2018 quis
916 1978 1043 2008 tenens
1057 1985 1192 2018 aquarn
1212 1974 1247 2009 in
1265 1985 1336 2015 ore,
1352 1979 1389 2009 et
1407 1972 1547 2009 sortiter
1563 1979 1714 2020 spargat
1732 1984 1868 2019 aquam

590 2031 626 2066 in
654 2030 775 2073 radiis,
791 2037 829 2067 et
846 2035 917 2066 stet
934 2043 957 2066 a
977 2030 1090 2066 latere
1117 2031 1327 2074 radioru;m;
1354 2037 1389 2067 et
1415 2032 1445 2067 si
1471 2043 1534 2077 per
1558 2031 1769 2077 lampadem
1795 2030 1869 2066 olei

590 2088 781 2134 pendentis
799 2088 836 2122 in
852 2099 936 2124 acre
952 2096 1141 2125 transeant
1161 2089 1252 2125 radii
1272 2089 1308 2125 in
1325 2089 1450 2125 debito
1467 2089 1552 2130 situ,
1563 2095 1602 2125 ut
1613 2088 1736 2125 lumen
1754 2089 1866 2125 cadat

588 2157 698 2191 super
730 2146 801 2181 olei
832 2146 1072 2192 superficiem,
1105 2146 1196 2182 fient
1230 2147 1381 2182 colores.
1433 2147 1483 2181 Et
1514 2147 1565 2182 sic
1601 2157 1666 2192 per
1704 2145 1870 2182 infinitos

590 2205 730 2247 modos,
741 2208 819 2239 tam
835 2203 1017 2239 naturales
1030 2215 1141 2250 quam
1152 2202 1372 2247 artificiales,
1383 2205 1563 2250 confingit
1578 2202 1720 2239 colores
1736 2202 1867 2249 hujus·

590 2261 688 2297 modi
708 2272 895 2308 apparere,
910 2261 1006 2298 sicut
1021 2261 1180 2308 diligens
1196 2262 1512 2308 experimentator
1531 2261 1630 2297 novit
1648 2261 1816 2307 reperire.

1054 2401 1306 2438 Carnutum
1337 2402 1405 2438 111.

399 2493 462 2520 The
476 2493 546 2520 form
638 2488 812 2527 Similiter
838 2499 986 2535 quoque
1010 2488 1161 2535 figuram
1190 2488 1353 2523 colorum
1383 2488 1516 2534 poterit
1544 2487 1714 2533 experiri.
1765 2487 1866 2523 Nam

398 2530 530 2594 ffissssw
588 2558 653 2593 per
666 2547 826 2593 lapidem
839 2546 1091 2593 crystallinum
1103 2551 1139 2582 et
1150 2547 1361 2592 hujusmodi
1374 2547 1532 2581 inveniet
1545 2544 1698 2592 figuram
1713 2551 1865 2581 rectam.

589 2604 641 2641 Et
667 2615 732 2651 per
757 2603 839 2640 cilia
862 2609 899 2640 et
923 2603 1119 2650 supercilia
1143 2610 1181 2640 et
1208 2603 1325 2639 multa
1347 2602 1432 2647 alia,
1456 2609 1570 2649 atque
1594 2613 1660 2649 per
1685 2601 1867 2639 foramina

588 2673 803 2709 pannorum,
831 2661 991 2698 inveniet
1014 2660 1168 2697 circulos
1195 2660 1376 2696 coloratos
1399 2661 1571 2705 integros.
1621 2659 1798 2695 Similiter
1829 2660 1865 2694 in

589 2719 679 2760 loco,
706 2719 766 2754 ubi
795 2718 835 2754 fit
861 2720 995 2755 roratio
1023 2718 1132 2766 plena
1161 2723 1199 2754 et
1221 2717 1441 2754 sufficienter
1467 2716 1514 2753 ad
1545 2717 1765 2763 capiendum
1796 2717 1867 2752 cir-

588 2775 710 2812 culum
741 2777 934 2822 integrum,
963 2781 1000 2812 et
1031 2775 1131 2813 locus
1161 2776 1223 2812 ubi
1254 2774 1407 2812 circulus
1436 2775 1536 2810 iridis
1565 2775 1676 2811 debet
1707 2773 1783 2810 ficri
1816 2773 1865 2810 sit

587 2835 764 2871 obscurus
794 2833 1121 2880 proportionaliter,
1147 2833 1235 2880 quia
1265 2834 1301 2868 in
1332 2833 1454 2868 lucido
1483 2843 1556 2867 non
1587 2837 1749 2878 apparet,
1776 2837 1865 2867 tunc

587 2892 741 2927 circulus
779 2892 983 2939 completus
1017 2891 1090 2927 fiet.
1141 2891 1319 2927 Similiter
1355 2891 1485 2937 integri
1525 2890 1647 2926 circuli
1681 2895 1863 2936 apparent

586 2951 731 2997 saepius
748 2951 841 2986 circa
859 2950 1038 2994 candelas,
1057 2955 1097 2986 ut
1115 2948 1334 2986 Aristoteles
1352 2948 1441 2984 dicit
1459 2954 1497 2984 et
1514 2948 1732 2995 experimur.
