2350 3580
1027 1091 1176 1132 PARS
1219 1091 1483 1143 QUARTA

856 1202 1322 1244 PHILOSOPHIAE
1367 1203 1658 1244 Moascxs.

1098 1326 1348 1363 Cannicum
1380 1328 1407 1363 Ι.

426 1447 486 1474 'she
499 1447 593 1475 Chris-
665 1432 832 1468 Protraxi
860 1433 952 1468 hanc
979 1439 1121 1476 partem
1150 1433 1296 1467 tertiam
1319 1432 1578 1479 Philosophiae
1598 1432 1747 1467 Mos-alis
1771 1434 1889 1480 gratis

426 1483 597 1555 ζὶἶῦἔῗὲὶὴω
615 1498 764 1536 propter
790 1490 1068 1536 pulcritudinem
1097 1495 1132 1524 et
1163 1490 1359 1525 utilitatem
1389 1491 1652 1525 sententiarum
1683 1491 1889 1531 moralium,

426 1555 584 1596 pullenu-
613 1554 649 1583 et
685 1554 835 1594 propter
866 1547 937 1583 hoc
970 1548 1071 1593 quod
1100 1546 1181 1582 libri
1216 1558 1296 1583 raro
1332 1548 1565 1583 inveniuntur
1593 1561 1614 1583 a
1645 1547 1777 1592 quibus
1811 1548 1887 1583 erui

423 1593 599 1665 ffibg'ffldof
610 1605 677 1641 has
696 1616 839 1641 morum
859 1605 1008 1643 radices.
1022 1605 1139 1644 flores
1159 1612 1195 1639 et
1216 1605 1361 1641 fructus.
1414 1606 1447 1641 N
1454 1616 1521 1641 unc
1538 1611 1663 1641 autem
1682 1605 1765 1641 volo
1783 1616 1888 1641 acce-

425 1665 516 1700 philo-
610 1664 697 1698 dere
719 1664 765 1698 ad
796 1670 937 1709 partem
968 1669 1134 1708 quartam
1162 1662 1272 1707 hujus
1296 1663 1481 1703 scientiae.
1507 1674 1603 1709 quae
1629 1664 1713 1698 licet
1738 1675 1813 1698 non
1838 1663 1887 1698 sit

426 1701 524 1737 sophy.
610 1727 687 1756 tarn
715 1722 863 1766 copiosa
888 1726 926 1756 et
950 1727 1028 1755 tarn
1052 1731 1259 1766 praegnans
1282 1721 1376 1756 sicut
1403 1722 1521 1761 tertia.
1547 1727 1603 1756 est
1625 1727 1749 1756 tamen
1778 1721 1885 1756 mira-

612 1777 718 1813 bilior
741 1785 777 1813 et
800 1777 946 1823 dignior
967 1789 1039 1813 non
1065 1777 1183 1812 solum
1210 1789 1252 1812 ea
1279 1785 1381 1823 parte
1405 1779 1467 1813 sed
1492 1779 1681 1814 omnibus:
1707 1780 1883 1824 quoniam

610 1835 802 1871 consistit¹
821 1837 857 1870 in
878 1837 1111 1880 persuasione
1132 1841 1254 1869 sectae
1279 1835 1394 1870 fidelis
1421 1837 1623 1871 credendae
1645 1843 1681 1872 et
1704 1837 1885 1872 amandae

610 1900 646 1928 et
679 1894 849 1938 operibus
886 1893 1194 1938 comprobandae,
1225 1904 1336 1938 quam
1376 1893 1487 1928 debet
1525 1894 1727 1929 humanum
1767 1904 1885 1939 genus

609 1953 777 1997 recipere.
830 1951 907 1986 Nec
928 1957 982 1986 est
1008 1950 1145 1996 aliquid
1168 1951 1214 1985 de
1239 1950 1470 1996 philosophia
1498 1953 1614 1998 magis
1638 1953 1883 1987 necessarium

607 2009 757 2048 homini.
788 2019 853 2044 nec
892 2014 1018 2044 tantae
1050 2008 1221 2044 utilitatis
1259 2019 1323 2044 nec
1356 2015 1482 2044 tantae
1521 2009 1720 2055 dignitatis.
1782 2009 1880 2044 Nam

609 2067 770 2101 maxime
795 2072 943 2112 propter
961 2066 1054 2100 hanc
1080 2072 1223 2111 partem
1249 2078 1374 2101 verum
1399 2071 1452 2100 est
1476 2067 1575 2111 quod
1603 2067 1734 2102 Morali
1759 2067 1880 2101 Philo-

606 2122 757 2168 sophiae
781 2123 1021 2168 subjiciuntur
1048 2135 1174 2158 omnes
1202 2125 1385 2158 scientiae.
1434 2124 1534 2159 Tota
1570 2125 1665 2159 enim
1701 2125 1880 2171 sapientia

606 2181 797 2216 ordinatur
815 2181 860 2216 ad
879 2181 1034 2216 salutern
1057 2181 1203 2216 humani
1232 2181 1372 2226 generis
1390 2183 1684 2228 cognoscendam
1701 2194 1707 2223 ;
1734 2189 1769 2216 et
1789 2181 1878 2216 haec

605 2239 701 2273 salus
728 2239 892 2273 consistit
919 2239 953 2272 in
981 2239 1215 2285 perceptione
1241 2250 1367 2273 eorum
1399 2251 1494 2285 quae
1523 2241 1661 2274 ducunt
1694 2239 1878 2273 hominem

606 2297 639 2330 in
661 2295 868 2331 felicitatem
888 2296 1037 2330 alterius
1052 2296 1159 2330 vitae.
1211 2297 1268 2330 De
1285 2308 1356 2341 qua
1376 2297 1463 2331 dicit
1476 2296 1665 2331 Avicenna
1683 2298 1784 2341 quod
1803 2298 1878 2342 ipsa

606 2360 659 2388 cst
684 2364 795 2399 quam
819 2354 948 2388 oculus
974 2364 1043 2388 non
1063 2353 1154 2388 vidit
1183 2364 1250 2388 nec
1274 2354 1370 2388 auris
1390 2355 1536 2395 audivit.
1556 2360 1595 2388 ut
1618 2355 1716 2398 prius
1738 2359 1877 2389 tactum

603 2418 668 2447 cst.
726 2412 879 2447 Etcum
907 2411 997 2447 haec
1028 2422 1110 2456 Pars
1143 2417 1276 2456 quarta
1308 2412 1561 2455 philosophiae
1596 2411 1749 2447 intendit
1785 2412 1878 2447 lianc

604 2469 759 2504 salutem
786 2470 1017 2514 investigare,
1034 2474 1070 2503 et
1094 2470 1141 2503 ad
1168 2479 1251 2503 earn
1276 2468 1421 2503 allicere
1445 2469 1623 2508 homines,
1645 2469 1725 2503 ideo
1751 2480 1878 2504 omnes

603 2527 779 2562 scientiae
799 2532 895 2560 artes
921 2532 958 2560 et
981 2526 1110 2568 officia,
1132 2533 1170 2560 et
1196 2527 1370 2571 quicquid
1396 2528 1493 2561 cadit
1525 2527 1558 2560 in
1585 2527 1876 2561 consideratione

604 2584 772 2625 hominis.
799 2584 983 2629 obligatur
1008 2583 1090 2619 huic
1126 2583 1220 2629 parti
1250 2582 1497 2618 nobilissimae
1530 2584 1647 2618 civilis
1676 2584 1876 2625 scientiae3

601 2649 637 2678 ct
656 2642 712 2677 hic
732 2647 786 2676 est
806 2641 886 2675 finis
903 2640 1085 2675 humanae
1103 2641 1416 2675 considerationis

416 2701 550 2729 lnflueuce
650 2700 803 2744 Propter
819 2700 914 2744 quod
937 2698 1169 2733 utilissimum
1188 2703 1243 2732 est
1263 2699 1487 2733 considerare
1507 2699 1747 2734 intentionem
1767 2698 1874 2743 hujus

413 2739 568 2801 ἶὲξζζΐῖψ
601 2758 737 2803 partis;
761 2763 797 2792 et
826 2756 974 2791 cuilibet
1001 2755 1212 2791 Christiano
1241 2756 1419 2802 competit
1445 2763 1596 2801 propter
1623 2767 1710 2791 suae
1737 2755 1871 2801 profes-

413 2821 447 2837 ⁰⁰
463 2811 581 2837 thewnl-
599 2815 710 2848 sionis
752 2813 1077 2854 confirmationem
1110 2819 1146 2847 et
1181 2819 1363 2857 quatenus
1405 2813 1541 2847 habeat
1575 2813 1672 2847 unde
1714 2813 1874 2858 corrigat

410 2847 515 2911 [megs
599 2872 827 2906 oberrantes„
871 2871 1070 2915 Nunquam
1097 2882 1183 2905 vero
1213 2871 1314 2905 Deus
1341 2876 1461 2915 potest
1498 2872 1678 2916 denegare
1712 2871 1874 2905 humano

1090 2955 1097 2971 ²
1117 2955 1255 2989 consistit,
1271 2963 1325 2983 oin.
1343 2955 1379 2983 D.
