2350 3580
607 693 654 728 42
855 683 1028 717 OPERIS
1053 683 1264 722 MAJORJS
1291 681 1419 715 PARS
1443 681 1564 722 QUIN
1566 680 1634 715 TA.

608 772 710 810 nulla
747 775 879 810 mixtio
912 774 1112 810 seeundum
1148 771 1492 820 multiplicationem
1521 770 1758 818 principalem
1785 768 1889 806 venit

606 831 655 868 ad
672 830 830 868 oculum.

420 886 583 959 fflffiflml
610 900 697 948 Αιᾶωο
1052 908 1140 929 m
1210 887 1262 923 Et
1296 887 1394 923 istud
1430 886 1667 923 confirmatur
1702 897 1767 932 per
1803 884 1888 929 hoc,

1159 946 1259 992 quod
1277 946 1425 991 quando
1439 943 1582 980 colores
1598 942 1732 979 diversi
1748 941 1888 979 habent

1159 1003 1315 1039 eandem
1363 999 1703 1049 multiplicationem
1749 1000 1886 1046 princi-

1158 1060 1290 1106 palem.
1324 1065 1414 1095 tunc
1450 1065 1606 1106 apparet
1643 1057 1749 1094 oculo
1785 1057 1887 1093 color

1159 1117 1322 1160 mixtim
1341 1123 1381 1152 ut
1399 1117 1548 1162 quando
1560 1114 1694 1151 vitrum
1707 1113 1766 1150 vel
1784 1125 1885 1160 crys-

1157 1173 1279 1218 tallus,
1296 1173 1352 1210 vel
1375 1173 1474 1210 aliud
1494 1184 1627 1220 corpus
1650 1171 1885 1225 *perspicuum

1157 1232 1361 1268 coloratum
1383 1231 1583 1276 opponitur
1603 1230 1705 1271 visui,
1723 1234 1759 1265 et
1783 1228 1885 1264 aliud

1156 1300 1288 1335 corpus
1334 1290 1487 1325 densum
1532 1293 1627 1323 retro
1669 1287 1759 1322 illud
1803 1296 1885 1332 per-

1154 1347 1324 1393 spicuum
1343 1347 1390 1382 sit
1407 1347 1443 1381 in
1462 1346 1601 1382 directo
1616 1345 1712 1381 iuius
1723 1350 1763 1381 et
1774 1345 1885 1388 visus,

1154 1410 1243 1440 tunc
1292 1404 1433 1451 species
1483 1404 1672 1449 utriusque
1720 1403 1885 1450 eorporis

1154 1462 1257 1497 vadit
1302 1462 1339 1496 in
1379 1461 1497 1496 visum
1538 1462 1573 1496 in
1621 1461 1752 1496 eodem
1799 1460 1884 1495 loco

1154 1520 1354 1555 secundum
1383 1517 1723 1565 multiplicationem
1748 1517 1883 1564 princi·

1154 1576 1336 1623 palem‚et
1350 1576 1432 1612 ideo
1446 1576 1587 1611 mixtus
1604 1575 1705 1612 color
1716 1581 1882 1622 apparet.

1156 1634 1207 1670 Et
1232 1634 1314 1669 ideo
1341 1645 1405 1681 per
1425 1633 1638 1679 oppositum
1667 1632 1769 1668 color
1791 1633 1883 1668 sim-

1154 1692 1243 1738 plex
1265 1691 1467 1738 apparebit,
1492 1692 1641 1738 quando
1667 1702 1758 1726 unus
1779 1689 1883 1726 color

1151 1749 1374 1795 multiplicat
1416 1761 1456 1785 se
1501 1749 1703 1784 secundum
1745 1747 1880 1784 lineam

1151 1806 1401 1853 prffidpalem,
1423 1813 1461 1843 et
1483 1806 1574 1843 alius
1594 1804 1880 1849 accidentaliter,

1151 1865 1236 1900 licet
1254 1866 1290 1899 in
1308 1866 1439 1900 eodem
1459 1865 1552 1899 loco.
1598 1863 1638 1899 Si
1656 1875 1743 1909 ergo
1759 1852 1880 1909 phiso-

605 1919 803 1968 sophantes
839 1921 946 1956 istam
977 1922 1072 1957 visus
1108 1923 1379 1958 distinctionem
1416 1923 1661 1964 adverterent,
1690 1931 1880 1967 nunquam

604 1985 782 2025 ponerent
808 1979 948 2025 speeies
972 1990 1045 2015 non
1072 1980 1213 2016 misceri
1241 1980 1274 2014 in
1303 1980 1437 2023 medio,
1454 1979 1538 2025 quia
1564 1986 1714 2026 propter
1729 1978 1883 2015 distinc-

604 2036 744 2071 tionem
761 2037 868 2079 visus‚
884 2048 994 2081 quam
1014 2038 1179 2073 nesciunt
1196 2037 1345 2079 salvare,
1363 2038 1501 2073 cadunt
1523 2037 1557 2072 in
1581 2037 1683 2072 illum
1707 2047 1880 2072 errorem.

606 2093 655 2128 Et
686 2094 715 2129 si
744 2094 897 2135 dicatur,
923 2095 1021 2140 quod
1050 2096 1143 2130 sicut
1175 2095 1316 2141 species
1350 2095 1434 2130 illae
1464 2095 1661 2130 miscentur
1687 2095 1878 2142 principali

604 2151 786 2187 mixtione
806 2152 839 2187 in
858 2151 1023 2197 quolibet
1041 2157 1179 2198 puncto
1196 2154 1299 2195 aeris,
1316 2153 1370 2188 sic
1386 2153 1423 2188 in
1439 2151 1566 2194 oculo;
1594 2163 1681 2198 ergo
1701 2158 1787 2188 tunc
1809 2154 1880 2189 erit

602 2209 768 2245 confusio
786 2209 903 2255 plena,
922 2210 1008 2256 quia
1026 2221 1111 2246 vera
1132 2217 1169 2246 et
1186 2211 1396 2257 principalis
1416 2211 1485 2247 erit
1503 2209 1552 2245 ibi
1578 2211 1727 2252 mixtim
1754 2211 1879 2247 dicen-

601 2267 691 2302 dum
708 2271 775 2310 est,
788 2268 886 2312 quod
900 2278 983 2302 vera
1001 2274 1038 2302 et
1050 2269 1259 2314 principalis
1275 2273 1395 2314 potest
1412 2279 1494 2303 esse
1510 2268 1643 2302 mixtio
1661 2269 1696 2302 in
1712 2268 1880 2314 quolibet

601 2329 741 2370 puncto
757 2324 852 2360 oculi
867 2338 877 2367 ς
901 2324 968 2360 sed
988 2337 1059 2360 una
1083 2326 1162 2360 sola
1181 2327 1319 2371 species
1339 2327 1374 2360 in
1392 2336 1465 2360 uno
1483 2331 1621 2371 puncto
1638 2327 1707 2361 erit
1725 2337 1878 2372 perpen-

601 2381 783 2424 dicularis,
803 2393 899 2428 quae
925 2383 1024 2418 cadit
1050 2383 1086 2418 in
1112 2390 1279 2419 centrum
1310 2383 1416 2426 oculi,
1439 2388 1476 2417 et
1501 2393 1629 2418 omncs
1655 2382 1747 2418 aliae
1772 2390 1879 2420 erunt

599 2439 835 2481 declinantes,
852 2444 892 2475 ut
912 2447 997 2475 sunt
1014 2452 1039 2475 a
1053 2440 1092 2483 lt,
1105 2452 1173 2487 cg,
1192 2447 1228 2476 et
1248 2441 1330 2476 ideo
1352 2439 1641 2483 occultabuntur,
1658 2447 1694 2475 et
1718 2452 1789 2475 non
1816 2440 1880 2476 fiet

597 2494 775 2540 judicium
794 2495 841 2530 de
857 2495 921 2538 eis,
937 2496 1003 2532 sed
1019 2496 1067 2531 de
1084 2495 1373 2543 perpendiculari
1392 2508 1490 2542 quae
1505 2502 1561 2532 est
1578 2496 1598 2532 b
1614 2507 1641 2539 e,
1656 2502 1694 2531 et
1712 2508 1778 2542 per
1794 2508 1877 2532 eam

600 2551 649 2587 de
670 2563 708 2587 re
726 2552 803 2598 ipsa
819 2563 914 2598 quae
932 2558 989 2589 est
1006 2552 1057 2590 bk

637 2651 646 2666 ¹
666 2650 727 2677 The
741 2651 830 2684 figure
846 2651 872 2678 in
886 2651 914 2684 J,
930 2651 953 2679 is
968 2651 1136 2686 incorrectly
1150 2652 1249 2679 drawn
1262 2661 1269 2684 ς
1288 2653 1345 2679 and
1359 2652 1477 2682 further.
1492 2662 1523 2680 u
1543 2662 1581 2680 no
1598 2653 1744 2680 reference
1758 2653 1783 2680 is
1796 2653 1879 2681 made

599 2698 630 2722 ιο
645 2695 666 2722 it
679 2693 707 2721 in
721 2695 770 2722 the
785 2700 856 2727 text,
870 2695 918 2722 the
932 2696 1088 2730 musonii-ig
1099 2695 1123 2722 is
1139 2696 1223 2723 made
1236 2696 1350 2723 difficolt
1363 2700 1394 2723 to
1407 2695 1512 2725 follow.
