2350 3580
590 724 660 759 340
824 714 999 748 OPERIS
1024 713 1234 753 HMORIS
1261 713 1388 747 PARS
1415 713 1637 747 SEPTJMA.

593 806 686 842 sieut
705 805 741 841 in
759 804 849 841 istis.
901 804 952 840 Et
969 805 1054 840 ideo
1078 815 1151 840 non
1176 808 1303 850 potest
1321 804 1436 840 virtus
1462 815 1543 839 esse
1563 807 1716 852 propter
1739 800 1871 849 volup-

594 868 710 899 tatem
737 862 859 906 animi,
892 872 977 898 cum
1006 861 1274 898 concomitetur
1305 866 1470 908 peccam,
1497 861 1667 908 quamvis
1693 859 1870 897 virtutem

595 921 801 964 comitetur,
826 919 912 966 quia
942 931 1001 956 res
1034 920 1242 956 eommunis
1271 924 1326 956 est
1352 919 1477 955 virtuti
1507 924 1546 956 et
1569 918 1669 961 vitio,
1694 929 1740 955 eo
1767 917 1869 963 quod

590 978 760 1013 homines
784 978 948 1023 gaudent
972 982 1010 1012 et
1032 976 1281 1022 jocundantur
1304 977 1342 1012 in
1359 975 1458 1012 malo
1483 977 1578 1012 sicut
1603 976 1638 1011 in
1658 975 1765 1011 bono.
1817 975 1870 1010 Et

592 1034 664 1071 hoe
679 1040 735 1071 est
750 1034 850 1081 quod
868 1033 999 1075 iurem
1028 1033 1141 1080 ‘Quis
1166 1034 1312 1079 ignorat
1338 1033 1572 1080 plenissimos
1594 1044 1674 1069 esse
1697 1031 1869 1079 volupta-

590 1093 690 1128 tibus
715 1092 952 1128 stultissimos
977 1093 1172 1138 quosque?
1196 1097 1235 1128 et
1254 1091 1456 1138 nequitiam
1484 1091 1672 1127 abundare
1696 1089 1868 1135 jucundis

589 1150 828 1195 animumque
840 1150 959 1197 ipsum
978 1159 1114 1194 genera
1128 1148 1333 1194 voluptatis
1342 1159 1455 1194 prava
1466 1153 1503 1184 et
1522 1147 1634 1185 multa
1647 1150 1869 1194 suggerere?

592 1212 628 1246 in
661 1212 790 1259 primis
821 1211 1052 1246 insolentiam
1086 1217 1125 1246 et
1153 1199 1630 1247 nimi‘arn'aestimationem
1660 1210 1716 1246 uui
1744 1214 1867 1245 tumo-

589 1281 739 1315 remque
770 1269 908 1304 elatum
943 1279 1054 1314 super
1089 1273 1253 1304 caeteros
1294 1274 1332 1304 et
1372 1280 1536 1304 amorem
1570 1280 1687 1304 rerum
1717 1276 1867 1311 suarum

589 1338 737 1362 caecum
772 1332 809 1361 et
847 1323 1114 1372 improvidum’
1139 1350 1148 1359 .
1172 1351 1182 1360 .
1208 1350 1216 1360 .
1235 1324 1333 1372 Quia
1366 1331 1454 1362 tune
1485 1327 1668 1362 diceretur
1698 1325 1732 1361 ei
1765 1324 1867 1371 quod

588 1384 719 1420 saltem
738 1383 850 1420 horno
874 1384 990 1420 bonus
1012 1382 1235 1428 jocundatur
1256 1388 1294 1419 et
1314 1383 1454 1429 gaudet
1476 1389 1513 1419 et
1534 1383 1618 1419 ideo
1634 1382 1867 1429 voluptatem

588 1441 699 1477 habet
721 1442 846 1480 animi,
866 1441 956 1476 dicit
970 1441 1072 1486 quod
1090 1442 1099 1457 ¹
1110 1441 1225 1475 virtus
1243 1440 1454 1486 voluptates
1472 1441 1642 1476 aestimat
1665 1444 1866 1486 antequam

588 1499 772 1542 admittat,
807 1509 926 1544 neque
966 1498 997 1532 si
1040 1496 1236 1543 probavit¹
1274 1496 1399 1544 magni
1432 1499 1573 1544 pendit,
1607 1497 1734 1544 utique
1767 1496 1866 1533 enim

588 1556 762 1596 admittit,
781 1567 850 1592 nec
867 1563 947 1591 turn
965 1566 1032 1591 usu
1054 1565 1182 1590 earum
1205 1554 1268 1591 sed
1296 1555 1541 1601 temperantia
1563 1554 1662 1591 laeta
1685 1553 1763 1591 est!
1814 1554 1866 1590 Et

588 1613 640 1648 ait
664 1612 876 1657 cavillatori,
900 1613 981 1648 ‘Tu
1010 1612 1241 1658 voluptatem
1268 1612 1536 1658 compiecteris,
1563 1623 1634 1657 ego
1656 1623 1865 1657 compeecO.

586 1670 646 1706 'I’u
670 1671 861 1717 voluptate
897 1670 1034 1713 frueris,
1059 1681 1130 1715 ego
1159 1675 1252 1705 utor.
1302 1669 1361 1705 Tu
1387 1669 1487 1705 iilam
1510 1681 1696 1706 summum
1725 1669 1864 1705 bonum

588 1733 706 1774 putas,
726 1739 797 1774 ego
815 1738 881 1763 nec
900 1728 1050 1763 bonum.
1099 1727 1159 1763 Tu
1176 1727 1303 1763 omnia
1325 1727 1525 1773 voluptatis
1544 1738 1654 1764 causa
1675 1726 1774 1770 sacis,
1792 1737 1863 1774 ego

587 1785 697 1820 nihil!

401 1847 524 1875 nevira
635 1843 746 1878 ‘Non
771 1854 866 1878 voco
890 1848 1014 1877 autem
1050 1843 1265 1888 sapientem,
1292 1853 1401 1889 supra
1427 1853 1535 1888 quem
1565 1843 1762 1888 quicquam
1794 1847 1863 1886 est,

399 1884 561 1956 Ξξὲιῗξιη
586 1900 721 1936 nedum
738 1900 920 1945 voluptas.
968 1899 1034 1935 Ab
1057 1899 1125 1934 hac
1150 1899 1250 1934 enim
1274 1905 1474 1946 occupatus
1498 1900 1689 1946 quomodo
1716 1900 1863 1946 resistet

586 1957 702 1993 labori
728 1958 890 2003 periculo
919 1964 956 1992 et
982 1957 1139 2003 egestati
1159 1983 1165 1990 .
1185 1983 1194 1991 ψ
1212 1983 1221 1992 .
1239 1958 1427 2003 quomodo
1452 1964 1689 2004 conspectum
1720 1957 1861 1999 mortis,

584 2016 772 2060 quomodo
792 2015 928 2050 doloris
944 2015 1061 2049 feret?
1110 2014 1313 2060 Quomodo
1332 2015 1458 2050 mundi
1483 2014 1643 2060 fragores
1658 2020 1697 2051 et
1712 2019 1858 2050 tanturn

584 2073 839 2108 acerrimorum
870 2072 1032 2107 hostium
1057 2082 1079 2107 a
1106 2071 1209 2107 moni
1244 2073 1452 2107 adversario
1483 2069 1647 2107 victus?'
1697 2072 1748 2108 Et
1774 2073 1860 2118 quia

584 2130 772 2165 cavillator
792 2130 912 2166 adhuc
939 2129 1101 2172 instaret,
1128 2129 1212 2165 Ideo
1230 2129 1335 2165 infert
1354 2129 1625 2175 oppositionem
1647 2129 1727 2174 eJus
1752 2129 1860 2166 ‘Non

584 2187 685 2222 vides
697 2198 806 2232 quarn
821 2187 937 2221 multa
946 2187 992 2221 sit
1005 2197 1157 2221 suasura
1168 2187 1365 2232 voluptas?
1390 2188 1407 2202 ‘⁶
1419 2187 1452 2221 N
1458 2185 1552 2229 ihil‚¹’
1564 2188 1716 2232 inquit,‘'
1723 2187 1860 2233 poterit

584 2245 737 2290 turpiter
755 2245 917 2287 suadere,
928 2245 1015 2290 quia
1032 2245 1210 2290 adjuncta
1225 2245 1350 2279 virtuti
1370 2242 1458 2280 est.¹'
1470 2244 1478 2259 ²
1514 2245 1587 2280 Sed
1605 2249 1770 2280 removet
1787 2245 1860 2280 hoc

584 2302 717 2342 dicens,
750 2302 859 2337 ‘Non
897 2301 999 2337 vides
1034 2302 1165 2337 iterum
1200 2301 1310 2347 quale
1341 2302 1390 2337 sit
1414 2313 1598 2338 summum
1625 2301 1774 2346 bonum,
1798 2302 1858 2337 cui

584 2360 735 2394 custode
750 2370 846 2404 opus
861 2364 927 2400 est,
944 2365 986 2394 *ut
1003 2360 1141 2394 bonum
1154 2359 1203 2394 sit
1216 2362 1232 2393 P
1257 2359 1372 2394 virtus
1387 2364 1512 2394 autem
1530 2360 1716 2404 quomodo
1729 2359 1859 2404 volup-

583 2422 695 2452 tatem
726 2422 828 2461 reget
852 2428 962 2462 quarn
990 2417 1161 2462 sequitur,
1188 2428 1271 2451 cum
1305 2417 1407 2462 ‚sequi
1443 2418 1603 2462 parentis
1636 2417 1694 2459 sit,
1732 2429 1858 2463 regere

583 2474 823 2520 imperantis?
848 2484 870 2509 a
897 2480 1001 2519 tergo
1027 2475 1134 2520 ponis
1159 2474 1256 2520 quod
1294 2474 1474 2520 imperat?
1507 2474 1693 2520 egregium
1732 2481 1858 2511 autem

581 2531 692 2568 habet
706 2532 819 2567 virtus
832 2533 929 2578 apud
942 2543 1007 2568 vos
1021 2532 1194 2575 officium,
1203 2530 1602 2577 voluptatesfscilicet:
1612 2538 1858 2578 praegustare,

581 2615 589 2623 .
609 2616 618 2625 .
637 2615 646 2624 .
664 2595 701 2624 et
719 2590 818 2634 quod
845 2589 1028 2635 plerisque
1052 2590 1234 2634 contingit
1259 2589 1411 2624 hilarem
1436 2590 1616 2624 insaniam
1640 2590 1796 2625 insanire
1812 2602 1857 2626 ac

581 2659 646 2693 per
661 2648 772 2682 risum
799 2646 926 2682 furere.
977 2646 1032 2681 At
1056 2652 1181 2682 contra
1208 2646 1427 2693 sapientium
1456 2647 1627 2682 remissae
1643 2646 1857 2694 voluptates

578 2710 615 2740 et
642 2705 831 2740 modestae
857 2715 899 2739 ac
925 2715 1041 2750 paene
1065 2703 1263 2750 languidae
1288 2709 1381 2747 sunt,
1401 2715 1703 2751 compressaeque
1727 2710 1765 2740 et
1789 2705 1855 2741 vix

579 2762 770 2803 notabiles,
796 2767 837 2796 ut
863 2772 959 2806 quae
981 2772 1099 2806 neque
1123 2762 1321 2796 accersitae
1341 2762 1486 2796 veniant
1507 2772 1583 2804 nec,
1605 2763 1772 2806 quamvis
1789 2774 1857 2809 per

578 2831 618 2853 se
633 2819 861 2861 accesserint,
879 2819 917 2853 in
934 2819 1070 2853 honore
1088 2819 1170 2861 sint,
1190 2830 1308 2864 neque
1327 2818 1403 2854 ullo
1423 2820 1558 2864 gaudio
1578 2820 1854 2864 percipientium

576 2882 764 2922 exceptae.
817 2876 974 2911 Miscent
999 2875 1094 2911 enim
1119 2875 1201 2911 illas
1223 2881 1260 2911 et
1285 2876 1523 2921 interponunt
1541 2877 1636 2912 vitae
1661 2882 1699 2912 ut
1725 2876 1854 2913 ludum

1010 2948 1019 2964 ¹
1037 2955 1068 2977 et
1079 2959 1148 2985 qun
1161 2952 1185 2977 si
1201 2951 1339 2986 probavit,
1356 2951 1441 2978 MSS.
