2350 3580
609 748 672 792 164
851 749 1024 784 OPERIS
1050 749 1261 788 MAJORJS
1288 749 1414 783 PARS
1442 747 1631 791 QUINTA.

1065 876 1319 913 curramus
1346 876 1419 912 ῙῙῙ.

418 967 550 1003 Αρριιαι·
655 961 868 998 Secundum
885 972 973 998 vero
990 961 1090 1008 quod
1108 961 1288 1008 sapientia
1313 961 1383 998 Dei
1405 965 1641 1008 comparatur
1655 961 1702 998 ad
1720 960 1882 1007 regimen

417 1002 541 1075 ἓοᾝέᾆ]
606 1019 775 1063 universi,
803 1020 857 1055 sie
884 1024 1054 1066 patenter
1078 1025 1115 1055 et
1141 1019 1279 1055 utiliter
1303 1025 1343 1055 et
1364 1019 1413 1055 ad
1440 1030 1544 1056 suam
1571 1018 1881 1066 pulchritudinem

417 1074 593 1141 giffiuffm
604 1076 697 1114 haec
722 1077 875 1113 scientia
901 1076 1059 1113 visionis.
1110 1077 1161 1112 Et
1191 1087 1330 1123 ponam
1359 1074 1483 1124 aliqua
1510 1077 1685 1123 exempla
1721 1081 1800 1112 tam
1835 1076 1884 1111 de

415 1147 590 1178 „mamm
606 1133 782 1171 fractione
797 1145 908 1182 quarn
928 1134 974 1171 de
991 1133 1199 1171 reflexione.
1250 1133 1285 1170 N
1289 1145 1350 1170 am
1367 1145 1432 1181 per
1450 1133 1686 1171 reflexionem
1698 1133 1884 1180 contingit

595 1203 717 1243 ‚unum
737 1203 914 1239 apparere
932 1191 1048 1228 multa
1063 1198 1101 1228 et
1119 1191 1264 1228 infinita
1274 1203 1283 1237 ;
1308 1192 1361 1228 sic
1380 1191 1478 1228 enin-1
1496 1191 1565 1228 visi
1583 1197 1667 1228 sunt
1685 1190 1883 1238 aliquando

604 1250 640 1285 in
664 1249 768 1286 coelo
790 1250 900 1285 simul
927 1249 1048 1296 plures
1070 1250 1165 1286 soles
1190 1254 1228 1285 et
1251 1249 1370 1290 lunae.
1388 1250 1590 1285 secundum
1614 1249 1715 1296 quod
1743 1248 1883 1284 Plinius

603 1308 730 1344 recitat
749 1308 784 1343 in
802 1308 1054 1344 Naturalibus.
1106 1307 1158 1344 Et
1173 1307 1246 1343 hoc
1262 1319 1336 1343 non
1354 1307 1490 1343 accidit
1506 1307 1574 1343 nisi
1594 1306 1743 1353 quando
1760 1301 1878 1352 vapor

603 1365 803 1412 dispositus
831 1364 902 1402 fuit
928 1365 977 1402 ad
1014 1365 1166 1401 modum
1196 1364 1345 1412 speculi,
1372 1370 1410 1401 et
1435 1364 1507 1401 hoc
1537 1370 1578 1401 ut
1607 1364 1656 1400 sit
1683 1363 1882 1411 multiplex

602 1434 726 1470 vapor.
752 1429 788 1459 et
810 1423 843 1459 in
868 1423 1012 1459 diverso
1032 1423 1114 1459 situ.
1167 1422 1218 1459 Et
1241 1423 1341 1468 quod
1365 1428 1497 1460 natura
1523 1427 1646 1470 potest
1674 1421 1804 1463 facere,
1823 1432 1883 1456 ars

603 1480 797 1526 perficiens
826 1485 992 1516 naturam
1026 1480 1145 1516 rnuito
1175 1481 1294 1526 magis
1320 1484 1444 1527 potest
1473 1480 1565 1516 illud
1589 1480 1758 1527 operari;
1785 1479 1884 1515 unde

603 1543 757 1584 possunt
775 1537 926 1584 specula
941 1538 992 1574 sic
1019 1536 1094 1574 fieri
1121 1542 1159 1574 et
1181 1537 1303 1574 taliter
1325 1538 1412 1585 poni
1434 1544 1472 1574 et
1496 1537 1667 1578 ordinari,
1684 1536 1783 1583 quod
1809 1547 1884 1573 una

601 1607 659 1632 res
675 1596 867 1643 apparebit
883 1601 1066 1643 quotquot
1074 1595 1256 1632 volumus.
1308 1595 1356 1632 Et
1371 1596 1453 1632 ideo
1467 1607 1561 1632 unus
1571 1595 1685 1632 homo
1697 1594 1884 1631 videbitur

601 1653 732 1701 plures,
744 1658 781 1689 et
792 1665 886 1689 unus
898 1653 1083 1689 exercitus
1097 1653 1228 1698 plures.
1256 1652 1390 1698 Etiam
1405 1652 1632 1701 praetactae²
1646 1657 1730 1688 sunt
1740 1653 1883 1688 radices

600 1712 647 1747 ad
670 1711 751 1752 hoc,
775 1723 846 1747 una
870 1711 1009 1748 scilicet
1032 1712 1079 1748 de
1101 1710 1254 1756 speculo
1275 1711 1403 1754 fracto,
1421 1711 1525 1757 cujus
1551 1716 1675 1758 partes
1700 1711 1883 1757 recipiunt

599 1769 711 1805 situm
754 1768 952 1810 diversum,
1000 1775 1037 1804 et
1084 1768 1252 1805 diversae
1296 1774 1401 1805 erunt
1452 1768 1632 1814 imagines
1677 1768 1880 1804 secundum

601 1826 850 1863 diversitatem
881 1826 1123 1870 fractionum3
1148 1831 1188 1861 et
1215 1826 1288 1861 alia
1318 1826 1425 1861 radix
1455 1826 1503 1862 de
1530 1836 1627 1872 aqua
1654 1832 1692 1860 et
1719 1825 1880 1872 speculo,

601 1896 623 1919 a
654 1884 788 1930 quibus
821 1884 964 1920 diversa
997 1885 1120 1928 imago
1153 1884 1374 1929 resplendet.
1425 1883 1465 1919 Si
1504 1894 1592 1929 ergo
1627 1883 1884 1919 ordinarentur

599 1943 748 1988 specula
781 1947 937 1989 utroque
971 1947 1123 1978 istorum
1160 1943 1356 1977 modorum
1394 1946 1487 1987 quot
1515 1939 1738 1977 voluerimus
1766 1934 1880 1975 marii-

600 1998 733 2036 sestum
781 2005 846 2043 est,
888 1999 986 2046 quod
1030 2010 1101 2035 una
1143 2010 1201 2035 res
1243 1998 1435 2045 apparebit
1478 1998 1515 2034 in
1561 2004 1617 2035 tot
1658 1997 1883 2044 imaginibus

601 2064 692 2102 quot
721 2058 901 2105 cupimus,
928 2064 966 2093 et
994 2057 1045 2092 sic
1074 2068 1141 2102 pro
1176 2057 1399 2092 utilitatibus
1434 2056 1656 2101 reipublicae
1686 2061 1723 2091 et
1754 2061 1881 2090 contra

601 2114 767 2150 infideles
795 2120 947 2162 possent
973 2114 1185 2160 hujusmodi
1214 2114 1463 2160 apparitiones
1490 2114 1565 2149 fieri
1601 2113 1739 2149 utiliter
1773 2118 1809 2148 et
1844 2114 1880 2148 in

600 2179 786 2209 terrorem.
853 2172 903 2208 Et
938 2173 966 2208 si
1000 2172 1081 2218 quis
1114 2172 1259 2207 noverit
1294 2182 1413 2207 aerem
1450 2171 1615 2213 densare,
1654 2177 1693 2207 ut
1726 2170 1880 2206 reflexio

600 2229 704 2267 fieret
729 2231 777 2266 ab
808 2242 861 2273 eo,
888 2235 1011 2276 posset
1037 2229 1172 2266 multas
1199 2229 1408 2274 hujusmodi
1436 2229 1685 2275 apparitiones
1711 2228 1879 2265 insolitas

602 2299 805 2333 procurare.
874 2287 934 2323 Sic
969 2298 1057 2322 vero
1097 2287 1256 2322 creditur
1296 2287 1396 2332 quod
1439 2287 1636 2322 daemones
1678 2287 1878 2321 ostendunt

601 2351 719 2381 castra
761 2351 799 2381 et
841 2343 1023 2381 exercitus
1065 2350 1102 2380 et
1140 2343 1256 2380 muita
1296 2343 1514 2379 miraculosa
1554 2343 1787 2383 horninibus;
1840 2349 1878 2378 et

599 2407 756 2449 possunt
785 2414 850 2450 per
877 2402 1053 2438 visionem
1088 2401 1302 2438 reflexivam
1341 2401 1464 2438 omnia
1494 2401 1678 2437 occultata
1716 2401 1752 2436 in
1789 2401 1878 2436 locis

599 2460 736 2496 abditis
770 2460 806 2495 in
839 2459 1059 2502 civitatibus,
1093 2460 1327 2502 exercitibus,
1361 2464 1400 2494 et
1430 2458 1639 2503 hujusmodi
1674 2458 1805 2494 deduci
1839 2458 1878 2493 in

599 2518 729 2553 lucem.
781 2517 879 2553 Nam
908 2517 1114 2557 draconem,
1140 2517 1205 2562 qui
1234 2516 1357 2552 infecit
1385 2522 1423 2551 et
1447 2515 1621 2551 animalia
1647 2521 1684 2551 et
1709 2514 1878 2551 homines

599 2585 668 2610 suo
706 2574 869 2611 anhelitu
903 2574 1072 2620 corrupit,
1110 2573 1283 2611 Socrates
1316 2573 1556 2620 philosophus
1592 2573 1685 2609 inter
1723 2572 1878 2609 latibula

599 2633 781 2669 montium
808 2631 1061 2678 deprehendit,
1088 2632 1183 2666 sicut
1208 2631 1381 2668 historiae
1405 2630 1618 2668 certificant.

647 2690 827 2726 Similiter
863 2696 1013 2735 possent
1054 2689 1208 2735 specula
1245 2689 1334 2735 erigi
1363 2689 1399 2723 in
1436 2689 1512 2724 alto
1547 2693 1674 2724 contra.
1707 2686 1876 2723 civitates

597 2749 798 2783 contrarias
826 2753 863 2783 et
897 2747 1092 2791 exercitus,
1119 2753 1161 2782 ut
1190 2746 1315 2782 omnia
1347 2757 1443 2791 quae
1477 2745 1604 2781 fierent
1638 2745 1685 2780 ab
1720 2744 1877 2780 inimicis

596 2805 830 2848 viderentur}
863 2811 901 2841 et
928 2805 997 2840 hoc
1026 2809 1150 2851 potest
1181 2804 1259 2840 fieri
1284 2804 1321 2838 in
1353 2803 1454 2838 omni
1478 2803 1653 2839 distantia
1674 2814 1785 2849 quam
1813 2803 1876 2838 de-

597 2863 821 2904 sideramu83
847 2863 932 2908 quia
954 2862 1152 2898 secundum
1171 2861 1303 2896 librum
1323 2861 1370 2896 de
1394 2860 1551 2907 speculis
1563 2859 1578 2880 ⁸*
1594 2867 1718 2907 potest
1740 2872 1812 2896 una
1838 2867 1876 2896 et

707 2937 715 2954 ι
857 2953 875 2958 -

707 2981 718 2997 ’
736 2936 795 3008 Ze
806 2945 950 3016 ἱι4τέρῗ4ῗέ,
968 2988 1010 3015 ¹⁴·
1024 2980 1081 3007 und
1098 2987 1139 3014 15,
1154 2980 1188 3007 os
1196 2980 1245 3007 the
1261 2978 1414 3015 &copem-a
1425 2979 1581 3006 attributed
1595 2983 1624 3006 to
1641 2979 1749 3006 Euclid.
