2350 3580
596 711 663 746 312
830 701 1004 736 OPERIS
1028 700 1237 741 MAJORIS
1262 700 1392 735 PARS
1416 700 1638 735 SEPTIMA.

598 792 675 839 egit
692 789 847 841 [rerum]
865 799 997 828 natura
1017 798 1058 828 ut
1074 792 1121 829 ad
1132 791 1228 828 bene
1238 791 1434 828 vivendum
1453 801 1528 828 non
1541 803 1677 838 magno
1693 795 1876 838 apparatu

599 861 692 897 opus
724 854 829 885 esset.
882 849 1143 897 Unusquisque
1178 849 1296 885 facere
1327 861 1370 886 se
1403 848 1552 886 beatum
1586 853 1723 896 potest.
1774 848 1876 885 Leve

601 911 829 943 momentum
848 907 883 943 in
897 907 1110 943 adventiciis
1128 908 1236 943 rebus
1254 911 1311 943 est
1327 912 1365 943 et
1376 907 1474 952 quod
1494 907 1531 942 in
1542 907 1715 943 'neutram
1732 910 1875 954 partem

601 976 757 1011 magnas
782 966 879 1001 vires
912 965 1070 1007 habeat3
1103 977 1172 1001 nec
1204 964 1365 1001 secunda
1392 965 1596 1011 sapientem
1625 963 1782 1000 evehunt
1808 975 1876 1000 nec

599 1023 752 1059 adversa
766 1022 977 1059 demittunt.
1029 1021 1231 1059 Laboravit
1243 1023 1342 1058 enirn
1359 1033 1503 1068 semper
1514 1028 1553 1058 ut
1571 1022 1606 1058 in
1621 1033 1661 1059 se
1676 1021 1876 1069 plurimum

600 1085 766 1126 poneret,
808 1081 901 1115 intra
944 1091 984 1117 se
1026 1091 1137 1115 omne
1181 1080 1356 1126 gaudium
1399 1086 1551 1126 peteret.
1616 1079 1716 1126 Quid
1759 1081 1877 1126 ergo?

601 1138 806 1184 sapientem
823 1149 903 1173 esse
920 1148 979 1174 me
997 1137 1105 1173 dico?
1156 1138 1321 1181 Minime.
1372 1139 1472 1174 Nam
1497 1138 1534 1173 id
1561 1137 1709 1183 quidem
1734 1137 1765 1172 si
1788 1147 1878 1183 pro·

601 1193 695 1231 fiteri
728 1207 890 1242 possum,
914 1207 988 1230 non
1021 1200 1169 1231 tantum
1203 1205 1375 1242 negarem
1410 1195 1580 1231 miserum
1605 1205 1685 1230 esse
1711 1205 1783 1239 me,
1811 1193 1877 1230 sed

601 1253 766 1288 omnium
785 1252 1112 1289 fortunatissimum
1137 1258 1174 1289 et
1192 1253 1228 1289 in
1245 1252 1405 1289 vicinum
1424 1252 1510 1289 Deo
1532 1253 1750 1299 perductum
1772 1262 1878 1300 prae-

601 1310 786 1352 dicarem3
810 1322 917 1354 nunc,
941 1312 1041 1356 quod
1065 1311 1154 1348 satis
1179 1315 1236 1346 est
1259 1311 1308 1346 ad
1333 1322 1463 1348 omnes
1490 1311 1652 1346 miserias
1680 1310 1879 1351 leniendas,

603 1369 830 1414 sapientibus
848 1379 908 1404 me
923 1369 1010 1404 viris
1027 1369 1123 1410 dedi,
1139 1373 1177 1404 et
1202 1369 1363 1404 nondum
1382 1369 1419 1403 in
1436 1368 1616 1403 auxilium
1644 1369 1716 1403 mei
1733 1368 1879 1404 validus

606 1426 641 1461 in
666 1425 786 1462 aliena
810 1430 930 1462 castra
954 1426 1114 1473 confugi,
1130 1436 1255 1462 eorum
1282 1426 1430 1469 scilicet,
1446 1426 1508 1472 qui
1528 1425 1634 1462 facile
1658 1436 1698 1461 se
1720 1436 1766 1461 ac
1790 1435 1879 1462 suos

601 1488 759 1520 tuentur.
811 1483 870 1520 Illi
896 1494 954 1520 me
985 1483 1170 1530 jusserunt
1194 1489 1294 1520 stare
1319 1484 1463 1520 assidue
1501 1483 1601 1520 velut
1634 1483 1670 1520 in
1695 1483 1879 1530 praesidio

604 1541 775 1587 positum.
799 1546 837 1576 et
863 1552 992 1577 omnes
1018 1547 1172 1577 conatus
1199 1541 1365 1576 fortunae
1390 1546 1427 1576 et
1452 1552 1582 1576 omnoe
1607 1541 1767 1588 impetus
1794 1552 1880 1587 pro-

604 1598 744 1645 spicere
768 1597 886 1634 multo
917 1604 1003 1634 ante
1028 1610 1139 1645 quarn
1165 1598 1361 1634 incurrant.
1410 1597 1487 1634 Illis
1511 1598 1634 1644 gravis
1663 1603 1719 1634 eet
1744 1598 1880 1644 quibus

605 1657 793 1702 repentina
810 1662 890 1700 αξη
914 1656 1019 1692 facile
1036 1667 1117 1692 eam
1134 1657 1292 1692 sustinet
1305 1655 1367 1702 qui
1384 1667 1530 1701 semper
1545 1662 1727 1702 expectat.
1778 1655 1880 1692 Nam

605 1718 644 1749 et
659 1713 819 1749 hosfium
832 1714 1012 1750 adventus
1030 1725 1092 1750 eos
1105 1714 1303 1761 prosternit
1314 1725 1407 1759 quos
1423 1714 1655 1758 inopinantes
1664 1714 1858 1759 occupavit
1869 1726 1880 1748 z

604 1776 645 1807 at
668 1772 731 1817 qui
756 1771 879 1806 futuro
903 1783 943 1807 se
968 1771 1065 1807 bello
1090 1776 1174 1807 ante
1199 1771 1336 1807 bellum
1365 1776 1596 1818 paraverunt,
1621 1771 1818 1816 compositi
1841 1776 1883 1807 et

606 1829 721 1875 aptati
748 1829 994 1875 primum,qui
1021 1827 1396 1865 tumultuosissimus¹
1423 1835 1490 1870 est,
1506 1828 1621 1865 ictum
1647 1829 1752 1864 facilc
1776 1829 1881 1865 exci-

606 1886 721 1932 piunt.
771 1886 971 1931 Nunquam
997 1898 1068 1932 ego
1093 1887 1261 1923 fortunae
1285 1887 1435 1928 credidi,
1454 1887 1565 1922 etiam
1589 1898 1672 1921 cum
1697 1886 1884 1922 videretur

605 1955 732 1990 pacem
759 1955 879 1989 agere.
930 1944 1065 1979 Omnia
1092 1944 1153 1979 illa
1176 1955 1274 1989 quae
1300 1945 1334 1979 in
1363 1955 1421 1979 mc
1447 1943 1764 1990 indulgentissime
1795 1954 1884 1979 con-

606 2000 755 2044 serebat,
772 2002 966 2048 pecuniam
983 2000 1141 2037 honores
1157 2003 1315 2048 gratiam
1341 2013 1385 2037 eo
1403 2001 1483 2037 loco
1507 2000 1623 2047 posui.
1641 2001 1738 2037 unde
1756 2006 1885 2048 posset

607 2059 686 2094 sine
704 2065 808 2094 motu
826 2070 910 2095 meo
920 2066 1097 2105 repetere.
1141 2058 1381 2095 intervallum
1394 2059 1487 2094 inter
1498 2058 1561 2094 illa
1578 2065 1616 2095 et
1629 2070 1689 2094 me
1706 2069 1884 2105 magnum

607 2116 729 2152 habui.
782 2116 912 2162 Itaque
939 2117 1090 2154 abstulit
1118 2116 1190 2158 illa,
1212 2127 1283 2152 non
1312 2116 1454 2152 avulsit.
1505 2116 1701 2152 Neminem
1729 2117 1885 2152 adversa

608 2173 754 2210 fortuna
786 2175 1004 2210 comminuit
1044 2175 1112 2210 nisi
1154 2186 1265 2220 quem
1308 2176 1469 2210 secunda
1509 2175 1665 2220 decepit.
1717 2174 1776 2209 nli
1817 2174 1884 2220 qui

608 2242 759 2267 munera
775 2231 855 2278 ejus
870 2232 972 2268 velut
992 2242 1059 2267 sua
1083 2238 1121 2268 et
1145 2238 1325 2278 perpetua
1350 2237 1576 2275 amaverunt,
1592 2231 1654 2277 qni
1683 2242 1723 2267 se
1745 2231 1884 2278 suspici

608 2295 758 2335 propter
790 2289 852 2324 illa
892 2289 1097 2331 voluerunt,
1133 2289 1263 2336 jacent
1299 2296 1336 2324 et
1373 2295 1547 2331 moerent,
1581 2300 1663 2324 cum
1696 2299 1814 2323 vanos
1844 2294 1885 2324 et

609 2348 764 2392 pueriles
797 2347 939 2382 animoa
971 2348 1090 2383 omnia
1127 2347 1270 2382 solidae
1301 2346 1499 2392 voluptatis
1543 2347 1687 2391 ignaros
1719 2344 1814 2382 falsa
1845 2351 1885 2382 et

610 2404 759 2440 mobilia
786 2404 1054 2440 oblectamenta
1081 2405 1296 2440 destituunt.
1347 2404 1403 2440 At
1425 2404 1485 2440 ille
1510 2404 1572 2451 qui
1589 2415 1632 2440 se
1652 2403 1757 2439 laetis
1776 2403 1885 2440 rebus

610 2473 684 2498 non
705 2462 843 2498 inflavit
866 2473 933 2498 nec
950 2463 1102 2499 mutatis
1124 2462 1320 2504 contrahit,
1336 2462 1510 2498 adversus
1536 2467 1731 2507 utrumque
1746 2466 1886 2497 statum

611 2521 786 2556 invictum
816 2521 979 2555 animum
1008 2524 1110 2555 tenet
1137 2520 1355 2567 exploratae
1381 2520 1458 2565 jam
1491 2518 1694 2554 firmitatis:
1731 2530 1818 2554 nam
1847 2518 1886 2554 in

613 2579 690 2625 ipsa
715 2577 888 2613 felicitate
912 2578 1001 2622 quid
1027 2583 1154 2613 contra
1181 2576 1430 2613 infelicitatem
1454 2575 1593 2613 valeret
1616 2580 1793 2622 expertus
1818 2583 1886 2612 est.

613 2635 744 2682 Itaque
759 2646 832 2681 ego
852 2634 889 2671 in
908 2635 977 2671 illis
994 2645 1089 2682 quae
1105 2645 1236 2671 omnes
1252 2640 1384 2680 optant
1406 2634 1616 2671 existimavi
1634 2644 1778 2680 semper
1794 2633 1888 2670 nihil

611 2694 686 2730 veri
704 2693 789 2729 boni
808 2694 946 2729 ineseex
972 2699 1050 2730 turn
1079 2693 1201 2729 inania
1224 2699 1262 2729 et
1280 2718 1288 2726 .
1308 2720 1312 2725 .
1332 2718 1339 2726 .
1356 2692 1558 2737 deceptui-o
1581 2692 1663 2726 fuco
1683 2691 1887 2728 circumlita

613 2751 744 2795 inveni,
759 2751 852 2786 intra
868 2750 957 2786 nihil
973 2750 1148 2786 habentia
1163 2751 1272 2786 fronti
1288 2761 1376 2786 suae
1392 2749 1530 2786 simile-⁵

662 2810 712 2845 Et
741 2814 871 2855 postea
903 2809 1090 2844 descendit
1123 2809 1171 2844 ad
1208 2806 1306 2844 mala
1336 2806 1521 2854 specialia,
1554 2806 1694 2843 scilicet
1720 2805 1889 2851 exilium,

613 2872 879 2914 paupertatem,
899 2865 1170 2911 contumeliam,
1194 2866 1339 2902 dicens:
1366 2867 1374 2883 ⁸
1390 2865 1498 2900 Nunc
1523 2865 1561 2900 in
1585 2864 1643 2900 his
1668 2875 1763 2911 quae
1789 2864 1889 2901 mala

1042 2936 1050 2953 ¹
1070 2936 1335 2972 impetuosisaimus,
1354 2935 1413 2963 MS.
