2350 3580
614 708 681 752 446
905 710 1005 744 mn.
1012 710 1280 744 TJPLJCATJO
1304 709 1587 746 SPECJERUM.

613 800 757 847 possint
776 801 853 846 pati
875 800 1043 837 inferiora
1066 806 1183 848 patet,
1199 801 1287 848 quia
1311 801 1586 838 communicant
1610 800 1647 837 in
1671 800 1837 842 materia,
1851 805 1890 836 et

613 857 715 903 quod
747 857 810 893 illa
843 869 940 904 quae
972 859 1246 895 communicant
1285 859 1321 895 iu
1363 870 1494 904 genere
1534 858 1813 895 communicant
1852 858 1890 893 in

616 915 779 957 materia,
803 920 844 951 ut
868 916 1003 952 dicitur
1028 917 1157 962 quinto
1181 916 1556 966 Metaphysicomrn¹.
1607 916 1660 952 Et
1689 916 1775 951 ideo
1804 915 1890 951 licet

613 983 688 1008 non
712 974 983 1009 communicent
1008 975 1043 1009 in
1067 979 1213 1009 tantum
1239 979 1279 1009 ut
1301 975 1351 1010 sit
1376 979 1503 1009 mutua
1527 972 1715 1020 generatio
1743 977 1783 1008 et
1809 983 1891 1008 cor·

614 1030 737 1076 ruptio
752 1029 937 1077 completa
954 1031 1045 1067 inter
1070 1031 1240 1066 inferiora
1261 1036 1299 1066 et
1319 1030 1501 1072 coelestia.
1519 1030 1590 1066 hoc
1614 1031 1712 1066 enim
1736 1035 1892 1078 negamr

615 1087 710 1122 libro
726 1088 775 1123 de
792 1087 1040 1124 Generatione
1057 1093 1094 1123 et
1113 1088 1211 1129 alibi,
1223 1093 1351 1123 tamen
1367 1093 1564 1134 postquam
1584 1088 1621 1123 in
1641 1098 1772 1133 genere
1788 1098 1889 1122 com·

614 1143 815 1187 manicam,
837 1151 986 1191 oportet
1014 1146 1114 1190 quod
1143 1145 1181 1180 in
1212 1145 1365 1184 materia
1390 1145 1672 1189 communicent,
1687 1144 1889 1180 secundum

613 1201 712 1247 quod
730 1201 950 1239 Aristoteles
968 1202 1065 1239 dicit·
1117 1201 1169 1238 Et
1185 1203 1270 1238 ideo
1286 1201 1565 1238 manifestantur
1585 1202 1678 1238 haec
1701 1203 1736 1237 in
1755 1201 1889 1238 Priori-

613 1260 691 1302 bus,
704 1260 805 1304 quod
821 1260 979 1295 essentia
997 1259 1141 1305 generis
1158 1260 1319 1305 proximi
1336 1265 1392 1295 est
1407 1259 1596 1294 materiale
1612 1259 1832 1305 principium
1851 1259 1889 1294 in

613 1315 839 1352 naturalibus
857 1322 1021 1362 respectu
1039 1316 1194 1352 duarum
1212 1316 1427 1362 specierum,
1443 1322 1482 1352 et
1501 1315 1725 1352 individuum
1744 1315 1889 1362 generis

613 1378 779 1419 respectu
790 1373 944 1408 duorum
958 1374 1228 1409 individuorum
1243 1373 1383 1409 illarum
1394 1373 1609 1420 specierum.
1636 1372 1889 1420 Congruentia

613 1435 737 1466 autem
766 1435 822 1466 est
850 1431 899 1466 ad
928 1431 1023 1474 hoc;
1058 1432 1232 1476 quoniam
1262 1435 1403 1476 quanto
1432 1432 1550 1476 magis
1581 1436 1704 1477 partes
1732 1430 1888 1466 universi

610 1488 866 1531 assimilentur,
883 1494 988 1524 *tanto
1008 1488 1121 1533 major
1137 1493 1195 1524 est
1212 1488 1310 1524 salus
1330 1500 1454 1524 earum
1472 1493 1510 1523 et
1527 1488 1676 1524 utilitas.
1727 1487 1780 1523 Et
1806 1487 1890 1523 ideo

613 1555 695 1580 cum
725 1545 892 1581 inferiora
919 1556 992 1581 non
1017 1551 1172 1591 possunt
1197 1545 1385 1581 assimilari
1411 1556 1476 1590 per
1501 1551 1649 1582 naturas
1674 1543 1890 1590 completas,

612 1606 764 1637 naturae
797 1602 981 1638 coelorum
1014 1603 1183 1647 congruit
1219 1607 1259 1637 ut
1292 1603 1421 1638 saltem
1452 1613 1516 1649 per
1541 1602 1678 1648 species
1712 1607 1888 1648 receptas.

610 1658 821 1696 Necessitas
837 1666 962 1695 autem
979 1660 1165 1695 concludit
1185 1660 1254 1695 hoc
1274 1661 1371 1695 idem
1390 1671 1455 1705 per
1470 1661 1746 1705 generationem
1767 1670 1887 1695 rerum

610 1722 649 1752 et
680 1717 964 1764 corruptionem,
999 1717 1103 1763 cujus
1136 1728 1245 1753 causa
1275 1717 1484 1763 principalis
1511 1723 1568 1752 est
1592 1717 1734 1764 duplex
1763 1716 1889 1752 allatio

612 1774 698 1809 solis
724 1775 792 1810 sub
817 1775 966 1820 obliquo
990 1775 1148 1817 circu103
1172 1776 1237 1810 sed
1256 1774 1310 1810 sol
1330 1786 1402 1809 non
1419 1781 1474 1810 est
1493 1785 1557 1819 per
1581 1774 1827 1810 substantiam
1852 1773 1889 1809 in

613 1831 848 1875 inferioribus,
864 1837 901 1867 et
928 1833 1008 1867 ideo
1032 1844 1097 1878 per
1112 1833 1296 1867 virtutem.
1350 1832 1401 1867 Et
1425 1832 1476 1867 sic
1501 1833 1550 1867 de
1573 1831 1653 1867 aliis
1674 1830 1889 1877 corporibus

610 1888 838 1925 coelestibus.
891 1889 939 1925 Et
960 1900 1026 1935 per
1050 1889 1316 1935 experientiam
1342 1894 1445 1935 patet
1467 1888 1556 1924 illud
1577 1889 1626 1925 de
1649 1888 1732 1924 luce
1756 1888 1889 1927 diffusa

612 1957 635 1980 a
648 1947 866 1983 coelestibus
879 1958 943 1994 per
957 1947 1083 1983 omnia
1097 1947 1274 1983 iuferiora.
1325 1947 1377 1983 Et
1390 1947 1472 1980 ideo
1484 1957 1567 1980 cum
1581 1946 1774 1991 objiciatur
1787 1946 1889 1991 quod

613 2008 744 2038 natura
769 2004 939 2039 coelestis
968 2015 1039 2039 non
1068 2011 1123 2039 est
1148 2003 1367 2050 generabilis
1394 2009 1432 2040 et
1457 2003 1713 2049 corruptibilis,
1738 2007 1891 2049 propter

610 2060 711 2106 quod
737 2072 810 2096 non
835 2062 1068 2107 generabitur
1092 2061 1128 2096 in
1154 2061 1308 2096 materia
1332 2060 1572 2105 elementari3
1607 2060 1807 2096 dicendum
1833 2066 1889 2095 est

610 2118 710 2163 quod
736 2118 806 2154 hoc
830 2124 885 2154 est
904 2129 1030 2154 verum
1054 2118 1123 2154 sub
1150 2130 1230 2154 esse
1254 2118 1450 2163 completo.
1465 2119 1532 2154 sed
1556 2118 1627 2154 sub
1652 2129 1732 2154 esee
1754 2117 1889 2162 speciei

610 2186 684 2210 non
704 2181 757 2210 est
775 2176 1040 2217 inconveniens,
1059 2177 1172 2211 immo
1191 2176 1445 2211 necessarium.

424 2239 468 2276 (a)
483 2238 584 2267 Action
659 2231 735 2268 Sed
752 2233 912 2269 secundo
928 2233 1114 2270 sciendum
1138 2239 1205 2277 est,
1222 2233 1323 2278 quod
1347 2231 1521 2269 coelestia
1547 2238 1702 2278 possunt
1726 2231 1889 2278 recipere

424 2275 586 2340 ‘gfffilfffil
610 2290 749 2335 species
776 2290 824 2325 ab
850 2291 932 2327 aliis
957 2291 1188 2335 coelestibus,
1214 2298 1253 2328 ut
1279 2291 1366 2326 luna
1392 2297 1430 2327 et
1456 2291 1585 2327 stellae
1612 2290 1790 2336 recipiunt
1815 2289 1887 2324 vir-

424 2349 490 2377 each
506 2348 595 2377 other-
608 2352 726 2383 tutem
750 2354 787 2383 et
811 2349 970 2394 speciem
994 2349 1092 2392 solis,
1110 2349 1161 2383 ita
1188 2349 1288 2394 quod
1314 2349 1379 2383 lux
1403 2349 1494 2384 solis
1518 2349 1665 2384 veniens
1688 2348 1736 2383 ad
1760 2358 1887 2393 super·

608 2403 728 2440 ficiem
759 2406 867 2440 lunae
891 2405 948 2441 vel
974 2406 1103 2442 stellae
1132 2405 1328 2452 cujuslibet
1356 2407 1478 2442 educit
1510 2406 1559 2440 ibi
1589 2416 1654 2451 per
1682 2403 1887 2440 naturalem

607 2462 901 2498 immutationem
934 2463 1050 2499 lucem
1085 2464 1134 2499 de
1166 2464 1334 2509 potentia
1367 2460 1574 2498 materiae!
1625 2462 1676 2498 Et
1701 2461 1772 2497 hoc
1798 2462 1888 2497 dicit

606 2525 875 2555 commentator
892 2531 1001 2567 super
1017 2520 1219 2555 secundum
1239 2520 1343 2555 Coeli
1356 2527 1394 2555 et
1407 2518 1551 2561 Mundi,
1561 2523 1600 2554 et
1613 2519 1734 2565 arguit
1751 2519 1798 2554 ad
1816 2518 1887 2554 hoc

607 2589 672 2623 per
686 2577 944 2622 aequalitatem
957 2577 1172 2623 angulorum
1190 2578 1406 2613 incidentiae
1419 2582 1454 2611 et
1465 2575 1683 2617 refleximus,
1692 2581 1733 2611 ut
1745 2575 1887 2622 patebit

608 2634 766 2671 inferius.
818 2634 867 2671 Et
896 2635 1119 2671 Aristoteles
1152 2635 1232 2680 ipse
1265 2635 1354 2670 dicit
1383 2639 1516 2670 octavo
1542 2633 1885 2680 Metaphysicorum

606 2693 706 2737 quod
726 2703 797 2726 non
815 2703 926 2727 omne
941 2692 1130 2728 alterabile
1148 2698 1205 2726 est
1222 2692 1443 2736 generabile,
1461 2698 1612 2736 propter
1627 2691 1823 2734 coelestim
1847 2696 1887 2726 et

606 2749 677 2784 hoc
699 2754 752 2784 est
772 2751 861 2795 quia
881 2749 1050 2785 alteratio
1077 2749 1165 2784 lucis
1188 2755 1244 2784 est
1268 2749 1303 2783 in
1330 2749 1558 2784 coelestibus.
1610 2749 1661 2783 Et
1687 2749 1772 2783 ideo
1796 2748 1886 2784 dicit

605 2806 826 2842 Aristoteles
856 2806 1017 2843 secundo<
1044 2806 1415 2853 Meteorologicorum
1430 2805 1454 2848 ³,
1481 2806 1581 2852 quod
1614 2804 1667 2841 sol
1702 2804 1886 2841 illuminat

640 2904 650 2923 ²
670 2904 715 2933 Cf.
729 2903 880 2940 Πείιρήγε,
895 2905 930 2933 iv.
943 2907 971 2937 6,
988 2907 1057 2940 5ι5,
1443 2904 1454 2920 ¹
1472 2904 1514 2933 ct
1530 2904 1585 2932 vol.
1597 2905 1616 2932 i.
1632 2913 1658 2939 p.
1675 2913 1736 2939 ¹²9-

639 2946 650 2963 ¹
670 2947 939 2983 Hetaphysicorum‚
954 2948 970 2981 J
975 2970 990 2981 ,,
1008 2948 1176 2984 licitorum,
1195 2948 1268 2983 Reg.
1306 2948 1350 2976 Cl'.
1364 2947 1577 2984 Mommlogv'u,
1591 2947 1609 2975 i.
1622 2948 1648 2982 8,
1663 2949 1677 2981 5
1691 2948 1718 2975 6.
