2350 3580
626 681 672 720 88
876 684 1050 718 OPERIS
1074 684 1285 724 MAJoffls
1310 683 1439 718 PARS
1466 677 1658 725 QUINYA:

628 773 811 820 superflue
828 779 1020 822 operatur:
1044 785 1130 810 nam
1149 774 1277 810 sortior
1289 779 1412 810 motus
1427 774 1574 810 animae
1586 784 1733 821 semper
1741 771 1911 810 occultat

628 831 835 868 debiliores.
887 831 939 868 Et
962 832 1048 869 ideo
1071 831 1241 868 homines
1265 831 1444 867 habentes
1469 831 1747 878 dispositionem
1776 830 1910 878 hujus-

629 890 730 927 modi
747 889 843 927 oculi
858 890 987 927 vident
1009 890 1104 926 bene
1128 889 1165 925 in
1190 889 1422 935 crepusculis,
1445 895 1484 924 et
1509 889 1556 924 ad
1583 888 1707 924 lumen
1727 888 1912 924 candel-e

629 948 677 983 de
701 952 819 990 nocte,
843 951 882 983 et
906 948 954 983 ad
981 947 1103 984 lumen
1132 947 1331 983 stellarum.
1385 947 1434 982 Et
1465 947 1502 981 in
1532 947 1590 982 his
1616 946 1788 982 omnibus
1811 956 1912 992 quae

629 1005 730 1041 dicta
759 1010 846 1042 sunt
870 1005 919 1040 de
943 1005 1179 1041 distinctione
1203 1010 1241 1040 et
1270 1005 1316 1040 de
1334 1003 1412 1039 visu
1440 1004 1477 1039 in
1505 1004 1665 1039 tenebris
1687 1009 1728 1040 et
1753 1003 1791 1039 in
1817 1003 1912 1040 luce,

633 1061 852 1098 Aristoteles
881 1067 919 1098 ct
944 1061 1139 1100 Avicenna
1163 1063 1254 1099 dant
1279 1061 1536 1098 auctoritatem
1563 1061 1598 1097 in
1627 1061 1728 1097 libris
1754 1061 1833 1098 suis
1861 1061 1915 1098 de

633 1119 850 1154 animalibus
868 1120 1034 1165 superius
1054 1119 1248 1157 annotatis.

445 1181 604 1223 δωρεῇ·
684 1177 744 1213 De
773 1178 855 1212 visu
888 1182 1013 1214 tamen
1045 1178 1082 1212 in
1112 1177 1272 1212 tenebris
1299 1181 1338 1212 et
1371 1177 1405 1212 in
1439 1174 1521 1211 luce
1549 1181 1672 1222 potest
1701 1175 1773 1212 alia
1799 1185 1916 1212 causa.

445 1217 619 1290 352'1‘133*
633 1234 819 1280 assignari,
852 1233 990 1270 scincet
1030 1234 1179 1281 quando
1220 1233 1347 1270 oculus
1385 1233 1498 1270 habet
1543 1233 1698 1270 mustum
1739 1233 1789 1269 de
1830 1233 1916 1270 12oe

630 1292 799 1341 propria:
826 1303 912 1328 nam
930 1292 1057 1328 oculus
1074 1292 1110 1328 in
1129 1292 1347 1333 hominibus,
1362 1296 1399 1326 et
1420 1301 1525 1336 equo,
1538 1296 1577 1326 et
1593 1295 1677 1326 cato
1689 1291 1715 1334 ¹,
1731 1296 1769 1326 et
1785 1291 1917 1326 multis

633 1349 852 1385 animalibus
881 1349 980 1384 lucet
1008 1350 1057 1385 de
1085 1361 1132 1390 se,
1159 1350 1256 1385 sicut
1288 1360 1465 1394 squamae
1489 1349 1658 1395 piscium,
1682 1349 1783 1395 quod
1808 1353 1917 1394 patet

633 1407 783 1453 quando
799 1406 912 1443 homo
930 1407 966 1442 in
987 1407 1148 1443 tenebris
1171 1412 1296 1444 movet
1321 1406 1465 1443 oculum
1489 1418 1512 1442 a
1536 1405 1609 1442 situ
1635 1416 1703 1442 suo
1727 1417 1794 1452 per
1817 1406 1917 1454 digi-

634 1471 726 1503 tum.
777 1463 852 1501 Sed
886 1464 1038 1511 quidam
1071 1464 1241 1501 homines
1272 1463 1410 1500 habent
1443 1464 1525 1510 plus
1556 1464 1605 1500 de
1637 1463 1729 1507 luce,
1763 1463 1917 1510 quidam

635 1523 779 1557 minus:
814 1527 852 1558 et
879 1521 930 1556 illi
958 1523 1021 1570 qui
1048 1522 1205 1557 multum
1234 1522 1373 1558 habent
1399 1527 1554 1567 possunt
1581 1522 1706 1557 videre
1734 1522 1772 1556 in
1799 1532 1918 1567 panto

636 1580 770 1617 lumine
788 1585 823 1614 et
843 1580 1014 1622 tenebris,
1030 1580 1061 1614 si
1085 1578 1181 1614 aliae
1205 1591 1336 1616 causae
1361 1591 1383 1614 a
1408 1585 1512 1626 parte
1537 1580 1743 1623 humorum,
1760 1583 1799 1614 et
1820 1577 1919 1614 telae

637 1644 675 1672 et
692 1647 845 1675 corneae
861 1636 992 1679 adsint,
1010 1648 1104 1683 quae
1121 1637 1212 1672 dixi.
1272 1636 1347 1672 Sed
1364 1637 1426 1683 qui
1453 1648 1583 1682 parum
1604 1636 1743 1672 habent
1758 1636 1807 1672 de
1825 1635 1919 1675 luce.

636 1705 709 1733 uon
730 1694 802 1729 sic:
827 1694 1022 1741 praecipue
1037 1695 1067 1729 si
1085 1701 1252 1730 caeterae
1267 1705 1399 1733 causae
1413 1694 1528 1729 assint
1545 1705 1568 1729 a
1590 1700 1697 1741 parte
1717 1694 1917 1730 humorum

637 1758 677 1787 et
692 1751 789 1787 telae
805 1757 841 1789 et
858 1763 1021 1788 comme.

1100 1875 1351 1912 CAPITULUM
1381 1874 1454 1910 111.

689 1969 750 2006 De
775 1969 886 2006 variis
910 1969 1091 2006 erroribus
1119 1970 1220 2006 visus
1246 1976 1396 2017 propter
1425 1970 1732 2018 compositionem
1756 1975 1796 2006 et
1819 1979 1923 2006 eom-

641 2026 855 2076 plexionem
879 2027 986 2062 oculi.

457 2132 568 2176 oquble
693 2127 886 2162 Praeterea
910 2139 957 2162 ex
986 2127 1150 2165 bonitate
1174 2128 1450 2174 compositionis
1470 2128 1567 2163 oculi
1585 2128 1725 2168 accidit,
1745 2129 1848 2175 quod
1865 2139 1925 2163 res

457 2168 607 2240 {ffss‘m
644 2196 717 2220 una
746 2185 890 2220 videtur
923 2196 994 2220 una
1011 2197 1019 2228 ;
1054 2187 1208 2231 quando
1236 2186 1374 2222 scilicet
1403 2186 1565 2232 pupillae
1594 2186 1733 2221 habent
1763 2185 1923 2221 eundem

457 2249 559 2270 σιω*
644 2242 755 2278 situm
770 2248 937 2289 respectu
952 2242 1052 2278 nervi
1068 2245 1294 2285 communis;
1321 2244 1496 2290 quoniam
1514 2248 1601 2279 tunc
1618 2242 1758 2289 species
1769 2242 1925 2278 veniunt

646 2311 668 2336 a
692 2300 837 2336 duobus
862 2299 977 2336 oculis
999 2300 1047 2336 ad
1074 2300 1232 2336 eundem
1260 2301 1367 2337 situm
1394 2301 1433 2338 in
1461 2312 1570 2337 nervo
1596 2300 1793 2343 communi,
1817 2306 1857 2335 et
1883 2299 1925 2336 fit

457 2363 635 2392 sir-bimus.
648 2369 761 2393 unum
792 2357 981 2403 judicium.
1034 2357 1194 2403 Quando
1223 2370 1311 2395 vero
1341 2364 1472 2394 natura
1505 2363 1613 2401 errat,
1643 2363 1684 2393 ut
1716 2358 1852 2394 accidit
1884 2358 1924 2393 in

647 2414 748 2450 lusco
766 2415 865 2460 quod
883 2415 1048 2460 glacialis
1070 2416 1176 2451 unius
1203 2416 1299 2451 oculi
1323 2427 1395 2450 non
1421 2416 1534 2451 habet
1558 2416 1668 2450 situm
1694 2416 1926 2451 consimilem

646 2471 695 2508 ad
715 2471 908 2518 glacialem
930 2472 966 2507 in
992 2472 1074 2514 aiio,
1093 2479 1183 2508 tunc
1208 2473 1345 2519 species
1371 2472 1583 2508 naturaliter
1605 2473 1745 2508 vadunt
1769 2472 1818 2508 ad
1844 2472 1928 2509 loca

646 2529 790 2566 diversa
817 2530 852 2564 in
879 2540 990 2564 nervo
1014 2530 1212 2572 communi,
1236 2535 1272 2564 et
1303 2530 1387 2566 ideo
1419 2535 1565 2576 oportet
1592 2530 1733 2565 luscum
1758 2529 1928 2565 laborare

650 2586 806 2622 multum
823 2592 861 2621 et
879 2586 1053 2633 ingeni-‘iri
1071 2586 1117 2622 ad
1137 2586 1216 2630 hoc,
1236 2591 1275 2622 ut
1302 2587 1452 2622 reducat
1478 2586 1603 2622 oculos
1628 2586 1676 2622 ati
1701 2586 1813 2622 situm
1837 2598 1929 2622 con·

650 2643 806 2680 similem
831 2651 1012 2690 quatenus
1043 2655 1117 2680 non
1141 2650 1248 2687 erret,
1273 2651 1314 2681 ut
1339 2645 1516 2680 unitatem
1543 2644 1594 2679 rei
1618 2644 1734 2691 possit
1760 2655 1929 2691 compre-

463 2711 537 2740 Cold
550 2720 582 2738 or
649 2701 821 2737 hendere-
871 2701 923 2737 Et
952 2702 1036 2737 licet
1065 2702 1194 2738 oculus
1224 2703 1316 2738 bene
1345 2702 1394 2738 sit
1425 2703 1663 2749 compositus.
1687 2701 1930 2737 nihilominus

463 2749 539 2775 ιω·
650 2765 774 2795 tamen
799 2759 933 2794 accidit
961 2760 1154 2805 multiplex
1180 2760 1485 2806 impedimentum
1512 2771 1561 2794 ex
1588 2758 1703 2794 nimio
1727 2759 1849 2795 calore
1867 2759 1929 2795 vel

651 2815 797 2863 frigore,
826 2818 1023 2853 secundum
1057 2819 1159 2864 quod
1194 2817 1361 2854 homines
1390 2823 1487 2853 stant
1521 2816 1735 2852 multotiens
1767 2816 1803 2852 in
1837 2816 1930 2853 locis

1234 2909 1241 2926 ¹
1261 2918 1329 2936 caro
1341 2908 1365 2942 J.
