2350 3580
644 701 714 746 3οό
881 701 1054 736 OPERIS
1080 701 1290 742 MAJoRJs
1314 701 1444 736 PARS
1470 700 1690 737 SEPTIMA.

459 804 504 831 De
516 803 590 831 Con·
695 795 704 812 ‘
717 792 805 829 Non
821 799 879 830 est
895 791 994 839 quod
1009 791 1111 829 dicas
1128 791 1209 836 ista,
1223 797 1263 828 ut
1279 791 1390 836 soles,
1402 791 1501 828 hunc
1514 791 1720 839 sapientem
1733 788 1919 828 nostium¹

458 840 567 912 2⁸3⁸}
645 860 826 898 nusquam
847 850 1007 887 inveniri.
1057 849 1144 886 Non
1161 849 1336 898 fingimus
1355 849 1446 887 illud
1462 849 1614 887 humani
1633 848 1770 898 ingenii
1785 859 1920 887 vanum

644 909 768 952 decus,
801 919 869 944 nec
904 907 1090 955 ingentem
1122 907 1324 955 imaginem
1356 907 1471 944 falsae
1499 908 1552 944 rei
1585 907 1826 955 concipimus,
1857 907 1919 943 sed

644 965 790 1012 qualem
819 965 1081 1002 confirmamus
1105 970 1144 1001 et
1170 965 1407 1001 exhibuimus
1433 991 1443 1001 .
1465 991 1474 1001 .
1497 991 1506 1002 .
1531 976 1614 1001 raro
1637 964 1789 1002 forsitan
1820 975 1921 1010 mag-

644 1023 774 1070 nisque
804 1028 970 1059 aetatum
1000 1022 1203 1059 intervallis
1236 1033 1361 1059 unum.
1419 1021 1551 1070 Neque
1583 1022 1682 1059 enim
1716 1032 1854 1069 magna
1886 1027 1920 1058 et

643 1080 860 1118 excedentia
892 1079 1044 1114 solitum
1077 1085 1115 1117 et
1143 1074 1332 1127 vulgarem
1367 1081 1518 1117 modum
1550 1081 1678 1117 crebro
1710 1079 1920 1126 gignuntur.

646 1137 843 1174 Caeterum
872 1138 926 1173 M.
954 1137 1052 1173 Cato
1077 1148 1205 1173 vereor
1230 1148 1277 1173 ne
1305 1148 1416 1184 supra
1443 1143 1609 1174 nostrum
1641 1137 1836 1184 exemplar
1863 1139 1920 1174 sit.

645 1196 815 1242 Denique
839 1194 994 1231 validius
1023 1194 1134 1231 dehet
1165 1206 1248 1231 esee
1276 1196 1378 1242 quod
1405 1194 1521 1232 laedit
1548 1206 1595 1231 eo
1623 1194 1723 1241 quod
1754 1194 1920 1231 laeditur.

645 1253 730 1290 Non
770 1258 827 1289 est
859 1258 983 1290 autem
1019 1252 1145 1289 sortior
1181 1253 1347 1299 nequitia
1374 1252 1534 1289 virtute:
1572 1264 1647 1289 non
1674 1258 1799 1299 potest
1834 1263 1920 1300 ergo

643 1311 739 1348 laedi
766 1312 919 1359 sapiens.
974 1309 1110 1356 injuria
1133 1309 1171 1345 in
1194 1310 1312 1346 bonos
1337 1310 1406 1346 nisi
1430 1321 1452 1346 a
1476 1310 1585 1346 malie
1608 1322 1683 1346 non
1707 1315 1919 1357 temptatur.

646 1369 755 1405 Bonis
771 1369 866 1404 inter
881 1380 921 1404 ae
937 1379 1014 1414 pax
1034 1372 1101 1403 est.
1151 1367 1245 1403 Mali
1265 1379 1336 1404 non
1353 1373 1432 1404 tam
1450 1366 1581 1404 bonis*
1596 1368 1792 1414 perniciosi
1809 1380 1918 1414 quam

642 1425 737 1462 inter
755 1436 806 1462 se.
859 1425 1001 1472 Quodsi
1017 1425 1113 1461 laedi
1132 1425 1201 1461 nisi
1218 1425 1399 1462 infirmior
1414 1436 1487 1461 non
1506 1430 1643 1472 potest,
1661 1425 1778 1462 malus
1794 1430 1919 1462 autem

644 1484 741 1520 bono
765 1483 943 1520 infirmior
968 1487 1023 1519 est
1044 1510 1052 1520 .
1070 1510 1079 1519 .
1097 1509 1105 1519 .
1128 1482 1259 1528 injuria
1283 1483 1321 1519 in
1345 1483 1547 1529 sapientem
1567 1483 1688 1520 virum
1712 1494 1787 1520 non
1812 1484 1919 1520 eadit.

644 1537 777 1592 [illud]
795 1541 892 1576 enirn
914 1541 992 1586 jam
1019 1551 1094 1576 non
1119 1551 1159 1576 en
1185 1541 1452 1581 admonendus,
1469 1541 1653 1577 neminem
1674 1541 1814 1576 bonum
1840 1551 1919 1577 ease

641 1600 710 1636 nisi
739 1598 952 1646 sapientem.
1014 1597 1054 1634 Si
1091 1597 1236 1644 injuste,
1263 1598 1392 1645 inquis,
1419 1597 1589 1635 Socrates
1623 1600 1820 1636 damnatus
1853 1607 1919 1644 est,

640 1656 808 1704 injuriam
841 1656 994 1702 accepit.
1058 1655 1143 1692 Hoc
1176 1655 1261 1692 loco
1294 1655 1498 1702 intelligere
1531 1668 1598 1692 nos
1629 1662 1779 1703 oportet
1811 1668 1920 1704 posse

640 1714 788 1750 evenire
812 1719 855 1750 ut
876 1714 986 1749 faciat
1008 1713 1141 1759 aliquis
1163 1714 1334 1759 injuriam
1360 1714 1461 1758 mihi,
1476 1720 1513 1749 et
1531 1725 1603 1761 ego
1625 1725 1699 1750 non
1720 1715 1920 1761 accipiam:

639 1777 817 1818 tanquam
846 1772 875 1807 si
901 1772 983 1818 quis
1012 1783 1090 1807 rem
1114 1783 1228 1818 quam
1256 1783 1280 1807 e
1301 1771 1387 1807 viiia
1416 1783 1501 1807 mea
1528 1772 1712 1818 subripuit
1740 1772 1778 1808 in
1806 1773 1920 1808 domo

641 1840 726 1866 mea
750 1834 877 1876 ponat,
900 1829 961 1864 iiie
988 1828 1125 1865 furtum
1150 1829 1288 1872 fecerit,
1305 1839 1376 1874 ego
1400 1829 1489 1865 nihil
1516 1829 1749 1876 perdiderim.
1776 1856 1785 1866 .
1809 1856 1818 1866 .
1845 1856 1853 1866 .,
1880 1830 1918 1866 Si

639 1887 823 1934 quiscum
848 1898 966 1923 uxore
990 1897 1054 1923 sua
1076 1880 1254 1932 ⁴tamque-m
1281 1886 1401 1923 aliena
1422 1887 1657 1930 concumbat,
1674 1887 1819 1924 adulter
1840 1888 1918 1929 erit.

639 1946 808 1991 quamvis
830 1944 890 1980 ilia
914 1944 1079 1980 adultera
1105 1956 1176 1980 non
1203 1945 1261 1980 ait.
1316 1944 1463 1990 Aliquis
1490 1945 1578 1980 mihi
1600 1956 1784 1981 venenum
1807 1946 1918 1989 dedit,

639 2004 706 2038 sed
726 2003 799 2038 vim
821 2014 926 2038 suam
950 2003 1146 2038 remixtam
1168 2003 1253 2038 cibo
1274 2003 1452 2048 perdidit;
1477 2013 1659 2038 venenum
1683 2003 1772 2039 illud
1794 2004 1918 2040 dando

640 2059 766 2095 sceleri
788 2071 828 2095 se
852 2059 1039 2106 obligavit,
1054 2060 1167 2096 etiarn
1194 2060 1226 2095 si
1250 2071 1323 2096 non
1350 2060 1485 2096 nocuit.
1512 2086 1521 2095 .
1547 2085 1557 2095 .
1583 2086 1592 2096 .
1618 2060 1756 2096 Omnia
1780 2060 1918 2097 scelera

640 2118 751 2153 etiarn
770 2122 857 2152 ante
877 2116 1050 2152 *effectum
1068 2118 1201 2162 opes-iti,
1219 2123 1399 2162 quantum
1416 2117 1549 2162 culpae
1564 2118 1655 2154 satis
1671 2122 1738 2159 est.
1755 2117 1918 2166 perfecta

639 2180 735 2210 sunt.
755 2201 761 2209 .
781 2201 790 2210 .
808 2202 817 2210 .
835 2174 876 2210 Si
900 2174 1067 2220 injuriam
1089 2176 1225 2220 accepi,
1241 2185 1389 2211 necesse
1414 2181 1472 2211 est
1493 2175 1627 2210 factam
1656 2186 1747 2211 esse.
1797 2175 1840 2211 Si
1863 2170 1918 2212 esi

639 2232 748 2271 sacta.
775 2245 847 2268 non
877 2238 933 2268 est
963 2243 1110 2268 necesse
1141 2234 1326 2280 accepisse
1352 2245 1412 2269 me
1425 2244 1436 2275 ,·
1472 2232 1590 2268 multa
1625 2234 1723 2269 enim
1756 2234 1917 2270 incidere

639 2297 792 2336 possunt
815 2301 910 2336 quae
932 2290 1172 2324 submoveant
1195 2289 1388 2335 injuriam!

455 2353 559 2390 Cap.8.
690 2348 901 2382 ‘Praeterea
932 2347 1076 2392 justitia
1110 2347 1201 2382 nihil
1236 2347 1412 2393 injustum
1449 2347 1525 2392 pati
1561 2353 1694 2394 potest.
1723 2349 1809 2394 quia
1844 2360 1917 2384 non

638 2411 771 2440 coeunt
800 2406 981 2440 contraria
1009 2431 1017 2440 .
1042 2431 1050 2440 .
1079 2431 1088 2440 .
1116 2416 1205 2451 ergo
1234 2404 1392 2451 sapienti
1419 2404 1552 2450 injuria
1581 2416 1653 2441 non
1679 2411 1804 2451 potest
1830 2405 1918 2442 fieri.

637 2531 684 2555 ne
711 2521 886 2567 prodesse
914 2519 1063 2566 quidem
1094 2520 1290 2567 quisquam
1321 2527 1452 2566 potest
1505 2520 1672 2567 Sapienti
1696 2520 1786 2556 nihii
1812 2521 1917 2557 deeet

637 2578 737 2623 quod
772 2578 937 2622 accipere
970 2578 1085 2622 possit
1119 2576 1200 2612 ioco
1234 2578 1405 2613 muneris.
1434 2604 1444 2612 .
1474 2602 1483 2613 .
1513 2604 1522 2613 .
1553 2578 1638 2614 Non
1672 2583 1797 2624 potest
1829 2590 1916 2625 ergo

637 2635 830 2682 quisquam
856 2640 918 2670 aut
944 2646 1075 2670 nocere
1101 2635 1259 2681 sapienti
1281 2641 1345 2671 aut
1368 2637 1563 2682 prodesse;
1593 2636 1767 2682 quoniam
1793 2637 1917 2673 divina

637 2703 704 2730 nec
735 2692 855 2738 ⁴iuuari
891 2693 1099 2729 desiderant
1139 2704 1205 2729 nec
1245 2693 1339 2729 laedi
1372 2700 1537 2738 possunt.
1598 2693 1756 2740 Sapiens
1789 2700 1914 2730 autem

636 2751 775 2786 vicinus
790 2750 1054 2796 proximusque
1073 2750 1157 2785 Deo
1174 2751 1354 2791 consistit,
1367 2756 1525 2797 excepta
1545 2751 1769 2786 mortalitate
1789 2751 1918 2789 similis

639 2809 730 2844 Deo,
779 2808 843 2843 Ad
867 2809 928 2842 illa
950 2809 1068 2843 nitens
1090 2820 1316 2855 pergensque
1343 2809 1501 2853 excelsa,
1523 2810 1705 2853 ordinata,
1723 2809 1916 2857 intrepida,

636 2865 779 2912 aequali
810 2871 848 2901 ct
883 2865 1081 2902 concordi³
1108 2877 1216 2902 cursu
1252 2865 1412 2908 fluentia.
1445 2878 1583 2909 secura,
1616 2866 1789 2914 benigna,
1814 2867 1916 2904 bono

672 2941 680 2956 ¹
699 2941 800 2974 virum,
810 2945 863 2976 pm
877 2945 1017 2976 nostrum,
1032 2940 1118 2968 MSS.
1212 2941 1223 2956 ¹
1241 2941 1316 2976 boni,
1334 2941 1421 2968 2155.
1506 2941 1517 2957 ¹
1535 2951 1574 2971 u
1586 2946 1667 2971 certo
1679 2951 1776 2977 cum,
1790 2942 1878 2973 USS.
