2350 3580
444 1633 588 1658 Commeat

444 1668 475 1696 οῖ
486 1669 578 1695 aneon

442 1713 477 1732 tm
484 1705 560 1747 'fore-

444 1749 529 1776 3⁰¹⁸ss

443 1776 608 1813 paragraph.

445 2560 488 2586 De
503 2558 593 2585 Brevi·

444 2600 501 2622 ωε
515 2595 604 2626 vine,

443 2640 504 2667 cap.
521 2639 562 2666 14.

624 734 691 769 330
870 725 1042 758 OPERIS
1068 725 1279 764 MAJoRls
1306 725 1433 758 PARS
1460 724 1678 758 SEPTIMA.

625 815 806 851 dicuntur.
870 815 919 851 Et
951 827 1063 851 nava
1097 827 1208 858 nunc,
1236 826 1332 862 quae
1365 827 1414 851 ex
1452 817 1605 861 antiqua
1637 815 1904 853 consuetudine

626 879 855 909 commeatus
868 885 932 920 per
942 873 1107 910 Tiberim
1121 872 1330 910 subvehunt
1339 872 1365 916 ¹,
1378 875 1578 910 codicariae
1591 880 1780 911 vocantur.
1817 872 1904 908 Non

626 937 684 967 est
708 930 896 977 profutura
919 931 1003 968 talis
1029 931 1191 968 scientia.
1210 957 1219 967 .
1239 956 1245 967 .
1267 958 1274 967 .
1296 931 1396 967 Num
1422 938 1458 968 et
1483 931 1554 967 hoc
1578 931 1752 978 cuiquam
1776 941 1905 967 curare

626 989 817 1036 permittes
837 990 937 1035 quod
957 990 1094 1034 primus
1114 989 1157 1024 L.
1175 988 1281 1025 Sulla
1302 990 1339 1025 in
1361 990 1457 1024 circo
1482 989 1606 1024 leones
1628 989 1769 1025 solutos
1792 989 1905 1029 dedit,

626 1058 710 1083 cum
737 1047 874 1093 alioqui
901 1047 1053 1092 adligati
1083 1048 1270 1090 darentur,
1293 1047 1342 1082 ad
1370 1046 1612 1083 conficiendos
1643 1058 1706 1082 eos
1736 1048 1856 1082 missis
1883 1058 1905 1081 a

627 1117 712 1151 rege
737 1101 901 1152 [Boccho
918 1105 1181 1150 jaculatoribus
1190 1101 1223 1153 Ρ]
1245 1131 1252 1139 .
1270 1130 1279 1139 .
1299 1132 1308 1140 .
1327 1105 1428 1140 Num
1450 1111 1487 1140 et
1506 1105 1720 1152 Pompeium
1745 1105 1904 1150 primum

627 1162 671 1198 in'
690 1162 786 1199 circo
810 1162 1090 1209 elephantorum
1114 1163 1190 1198 duo
1214 1162 1261 1198 de
1285 1163 1413 1208 viginti
1441 1173 1583 1209 pugnas
1607 1162 1776 1204 edidisse.
1803 1173 1903 1198 com-

627 1219 746 1254 missis
772 1231 873 1255 more
898 1221 1023 1266 proelii
1052 1220 1172 1254 noxiis
1201 1220 1419 1261 hominibus,
1445 1221 1494 1254 ad
1521 1220 1632 1254 ullam
1663 1231 1738 1255 rem
1769 1220 1903 1254 bonam

627 1279 783 1323 pertinet
797 1281 812 1312 ?
835 1303 841 1311 .
861 1304 868 1312 .
888 1302 895 1311 .
914 1276 1150 1313 memorabile
1171 1279 1314 1324 putavit
1331 1278 1528 1323 spectaculi
1546 1289 1661 1323 genus
1683 1288 1780 1312 novo
1805 1288 1906 1312 more

627 1334 779 1380 perdere
797 1334 966 1370 homines
981 1361 988 1370 .
1008 1361 1017 1370 .
1034 1360 1041 1370 .
1061 1334 1186 1370 Satius
1204 1341 1282 1370 erat
1300 1334 1370 1371 ista
1387 1335 1423 1370 in
1441 1334 1665 1371 oblivionem
1684 1334 1746 1376 ire,
1760 1346 1807 1370 ne
1823 1334 1905 1380 quis

628 1399 759 1439 postea
777 1396 909 1439 potens
926 1393 1094 1435 disceret,
1113 1392 1364 1439 invideret-que
1385 1393 1432 1427 rei
1456 1393 1603 1428 minime
1626 1392 1820 1427 humanae.
1838 1418 1846 1425 .
1867 1417 1875 1425 .
1898 1420 1907 1426 .

628 1450 717 1486 Alia
735 1450 908 1495 deinceps
928 1450 1208 1485 innumerabilia
1225 1462 1319 1494 quae
1336 1456 1400 1485 aut
1414 1450 1501 1485 ficta
1516 1456 1612 1490 sunt,
1625 1456 1688 1485 aut
1707 1449 1907 1485 mendaciis

628 1507 770 1544 similia.
786 1533 795 1541 .
810 1535 817 1542 .
835 1534 842 1542 .
860 1507 1039 1544 Dubitare
1057 1520 1097 1543 se
1110 1508 1208 1544 enim
1225 1505 1427 1555 [Fabianus
1443 1514 1565 1543 noster
1578 1504 1716 1554 aiebat]
1728 1519 1776 1543 an
1789 1507 1907 1542 satius

628 1572 724 1601 esset
742 1565 850 1601 nullis
868 1566 999 1602 studiis
1017 1565 1203 1602 admoveri
1221 1576 1332 1612 quam
1351 1565 1409 1601 his
1427 1564 1627 1612 implicari.'

679 1622 783 1658 Haec
803 1628 926 1658 tamen
952 1623 1117 1658 recitavit
1139 1622 1292 1665 Seneca,
1310 1630 1350 1658 ut
1374 1624 1476 1658 daret
1503 1622 1675 1668 exempla
1692 1622 1805 1656 verbo
1826 1632 1906 1664 suo,

629 1686 741 1725 atque
758 1685 934 1726 tanquam
951 1680 1101 1716 vitanda
1119 1682 1316 1717 concludit.
1369 1682 1452 1726 Ego
1470 1692 1555 1716 vero
1576 1681 1665 1716 haec
1691 1680 1880 1715 introduxi
1893 1678 1907 1698 ²

629 1738 748 1784 magis
760 1744 912 1784 propter
923 1737 1119 1774 utilitatem
1134 1741 1374 1786 expositionis
1385 1737 1645 1775 vocabulorum
1661 1737 1906 1783 antiquorum,

628 1795 666 1830 in
695 1795 828 1840 quibus
857 1807 921 1831 nos
948 1807 1077 1832 omnes
1105 1804 1285 1844 quantum
1313 1798 1359 1833 ad
1385 1796 1645 1832 vocabulorum
1672 1795 1905 1840 antiquorum

629 1853 890 1898 proprietatem
921 1865 1092 1895 erramus,
1118 1866 1192 1890 non
1221 1855 1341 1890 solum
1372 1855 1407 1890 in
1435 1854 1606 1889 humanis
1634 1864 1758 1888 verum
1794 1853 1905 1887 etiam

628 1910 666 1945 in
699 1911 843 1946 divinis.
894 1911 990 1947 Nam
1026 1917 1252 1948 caeterorum
1285 1912 1547 1948 vocabulorum
1581 1911 1743 1946 obmisso
1777 1910 1907 1950 relatu.

630 1968 809 2004 habemus
837 1968 897 2004 hic
923 1969 1010 2015 quid
1040 1969 1168 2006 Circus
1196 1969 1388 2016 significet,
1414 1970 1507 2005 unde
1538 1969 1614 2004 ludi
1645 1969 1834 2011 circenses,
1858 1968 1907 2004 de

630 2026 764 2071 quibus
776 2027 810 2060 in
826 2026 994 2071 Epistola
1008 2028 1054 2062 ad
1070 2028 1261 2062 Paulinum
1274 2028 1483 2073 praeposita
1495 2026 1643 2066 Bibliae,
1656 2025 1907 2070 Hieronymus

630 2082 821 2129 eloquitur.
875 2084 961 2118 Non
978 2085 1150 2120 dicuntur
1170 2086 1345 2120 circenses
1368 2086 1443 2120 ludi
1465 2085 1551 2130 quia
1574 2085 1667 2119 circa
1692 2094 1805 2123 enses.
1823 2082 1906 2118 licet

629 2140 701 2176 hoc
726 2141 852 2176 recitet
875 2141 1039 2178 Isidorus
1054 2148 1188 2178 octavo
1205 2141 1350 2178 decimo
1368 2142 1723 2187 Etymologicorum‚
1740 2152 1805 2176 nec
1826 2139 1907 2176 aliis

632 2198 755 2233 modis
783 2198 914 2245 quibus
939 2198 1088 2245 fingitur
1114 2199 1274 2234 mend-ax
1301 2199 1527 2246 explanatio.
1581 2198 1653 2233 Sed
1678 2198 1856 2233 circenses
1886 2209 1907 2231 a

630 2256 728 2290 circo
752 2255 932 2298 dicuntur,
950 2256 1012 2300 qui
1041 2256 1109 2292 suit
1133 2255 1235 2291 locus
1261 2257 1436 2291 rotundus
1465 2256 1512 2290 ad
1541 2256 1689 2290 modum
1718 2254 1843 2289 circuli
1869 2255 1905 2289 in

630 2322 706 2357 quo
739 2311 961 2358 gladiatores
994 2318 1031 2349 et
1061 2313 1283 2358 jaculatores
1316 2315 1363 2349 ad
1394 2314 1547 2348 invicem
1583 2319 1712 2348 contra
1744 2312 1838 2348 feras
1874 2313 1907 2347 in

630 2370 879 2414 spectaculum
908 2370 1092 2415 publicum
1121 2371 1359 2411 dimicabant,
1383 2371 1475 2404 sicut
1506 2369 1625 2404 adhuc
1654 2369 1694 2404 fit
1720 2370 1756 2404 in
1784 2370 1909 2404 multis

631 2427 827 2472 provinciis
857 2429 956 2473 quod
983 2428 1148 2463 homines
1176 2435 1443 2474 congregantur
1467 2429 1503 2462 in
1530 2427 1681 2462 circuitu
1707 2428 1803 2462 circa
1828 2427 1909 2462 illos

630 2487 692 2532 qui
710 2487 757 2521 ad
775 2486 930 2521 invicem
948 2487 1150 2533 confligunt
1165 2498 1250 2522 cum
1270 2487 1363 2522 seris.

682 2542 757 2579 Sed
790 2554 875 2579 cum
906 2543 1046 2580 Seneca
1074 2544 1285 2580 redeundun
1336 2550 1389 2579 cst
1419 2545 1465 2579 ad
1495 2544 1725 2591 propositum
1754 2544 1909 2585 dicente,

634 2600 732 2636 ‘Soli
752 2602 914 2636 omniurn
941 2602 1049 2637 otiosi
1074 2609 1157 2637 sunt
1184 2603 1246 2649 qui
1268 2602 1467 2646 supientiae
1487 2608 1641 2643 vacant:
1669 2602 1738 2636 soli
1758 2602 1909 2641 vivuntz

634 2669 702 2693 nec
739 2659 835 2694 enim
877 2671 981 2694 suam
1021 2665 1163 2695 tantum
1199 2666 1360 2695 aetatem
1394 2660 1581 2700 tuentur'3
1618 2671 1740 2695 verum
1780 2662 1908 2695 ‘omne

633 2727 764 2752 aevum
783 2728 850 2752 suo
868 2716 1052 2761 adjiciunt.
1102 2717 1289 2763 Quicquid
1308 2728 1487 2753 annorum
1507 2723 1594 2753 ante
1612 2718 1692 2753 illos
1703 2723 1827 2753 actum
1840 2725 1909 2760 est,

635 2773 706 2809 illis
730 2774 952 2820 adquisitum
983 2781 1050 2810 est.
1102 2775 1183 2811 Nisi
1212 2775 1445 2820 ingratissimi
1476 2786 1612 2817 sumus
1638 2774 1688 2810 illi
1720 2775 1908 2810 clarissimi

672 2868 679 2884 ¹
700 2868 832 2900 subeunt,
850 2867 933 2896 MSS.

670 2911 681 2926 '
700 2912 726 2938 lt
741 2913 766 2938 ia
783 2913 899 2939 curicus
917 2917 946 2939 to
963 2912 1021 2939 find
1037 2912 1141 2942 Bucen.
1157 2913 1185 2939 in
1203 2913 1365 2946 appositior-a
1381 2917 1410 2938 to
1426 2913 1474 2939 the
1490 2913 1563 2940 main
1576 2916 1736 2945 argument,
1749 2914 1911 2947 extracting

634 2956 717 2983 value
728 2955 799 2982 from
815 2956 892 2982 what
905 2964 966 2982 was
982 2955 1045 2982 held
1059 2955 1097 2990 'by
1112 2955 1224 2982 Seneca
1239 2959 1268 2982 to
1281 2955 1316 2982 be
1331 2955 1439 2982 useless
1452 2955 1630 2991 knowledge.
