2350 3580
635 722 704 746 210
899 713 1071 747 OPERIS
1097 713 1308 752 MAIORJS
1333 712 1463 746 PARS
1487 710 1654 746 SEXTA.

636 804 782 851 plantis,
801 815 892 850 quas
909 804 1123 850 neglexerat
1145 814 1292 850 ungere,
1310 803 1449 848 recepit
1467 802 1749 847 corruptionem,
1768 807 1807 838 et
1832 800 1918 837 ideo

636 862 721 908 quia
734 898 739 904 ,
754 872 900 908 semper
930 861 1113 908 equitavit.
1143 861 1214 906 ,Et
1248 866 1377 897 auctor
1409 859 1512 897 istius
1545 860 1625 896 libri
1658 865 1816 896 testatus
1848 864 1916 902 eet,

636 919 735 966 quod
755 919 942 956 hominem
958 919 1097 956 videret
1120 923 1157 955 et
1181 929 1265 953 curn
1288 929 1335 954 eo
1359 917 1503 954 locutus
1521 917 1647 960 fuerat,
1664 917 1726 964 qui
1749 916 1916 962 pluribus

635 987 813 1012 annorum
832 977 1048 1012 centenariis
1063 976 1216 1017 vixerat.
1232 987 1276 1010 eo
1290 975 1390 1021 quod
1408 975 1628 1011 medicinam
1645 987 1668 1010 a
1685 972 1915 1020 sapientibus

637 1045 772 1081 magno
791 1034 868 1081 regi
890 1039 1057 1081 paratam
1080 1032 1290 1080 desperanti
1314 1043 1381 1079 pro
1403 1032 1523 1079 seipso
1545 1038 1584 1068 et
1603 1031 1739 1068 volenti
1763 1031 1914 1068 indocto

634 1091 775 1127 homirni
795 1091 952 1138 probare
970 1090 1201 1133 medicinam.
1212 1090 1349 1137 recepit
1365 1101 1462 1126 earn.
1497 1089 1547 1126 Et
1561 1090 1613 1125 sic
1626 1089 1912 1137 prolongatam

635 1149 708 1184 vita
732 1137 912 1192 hominiss
927 1153 965 1184 et
992 1159 1014 1183 a
1043 1159 1191 1183 summo
1221 1147 1396 1194 pontifice
1430 1147 1525 1183 illius
1558 1147 1735 1194 temporis
1763 1150 1801 1183 et
1833 1145 1912 1182 aliis

635 1205 761 1241 habuit
786 1205 926 1242 litteras
952 1203 1110 1241 bullatas
1133 1205 1183 1241 de
1205 1205 1276 1241 hac
1301 1204 1465 1241 veritate.

449 1267 620 1304 Ingrediar-nt:
684 1262 735 1299 Et
758 1263 843 1299 ideo
868 1262 954 1299 dicit
981 1262 1295 1309 experimentator
1319 1262 1439 1296 bonus
1465 1262 1502 1298 in
1524 1261 1616 1297 libro
1643 1261 1689 1296 de
1717 1261 1911 1308 Regimine

448 1304 567 1376 ζᾞζξ),
635 1319 786 1363 Senum,
803 1321 901 1367 quod
928 1321 957 1356 si
981 1320 1068 1355 illud
1092 1321 1190 1367 quod
1220 1325 1275 1355 est
1298 1320 1334 1355 in
1356 1325 1489 1366 quarto
1510 1320 1625 1365 gradu
1652 1324 1911 1366 temperatum,

634 1383 671 1414 et
697 1379 797 1424 quod
828 1383 930 1414 natat
959 1379 994 1413 in
1026 1378 1127 1421 mari,
1152 1383 1191 1413 et
1215 1378 1315 1424 quod
1343 1383 1536 1423 vegetatur
1563 1376 1598 1413 in
1629 1388 1722 1420 aere.
1745 1383 1784 1413 et
1809 1377 1908 1424 quod

634 1445 657 1470 a
679 1435 770 1471 mari
792 1435 988 1481 projicitur.
1013 1440 1051 1471 et
1074 1434 1203 1481 planta
1226 1434 1361 1476 Indiae,
1385 1440 1423 1470 et
1445 1434 1545 1480 quod
1572 1440 1629 1470 est
1654 1434 1690 1470 in
1710 1434 1910 1471 visceribus

633 1492 803 1528 animalis
819 1492 951 1538 longae
968 1493 1073 1536 vitae,
1084 1499 1121 1528 et
1139 1492 1215 1527 duo
1232 1493 1395 1537 repentia
1412 1503 1508 1536 quae
1525 1496 1611 1527 sunt
1628 1502 1712 1527 esca
1725 1491 1908 1536 Tyrorum

633 1554 671 1586 et
690 1550 930 1596 Aethiopum,
948 1554 1255 1596 praepararentur
1272 1554 1310 1584 et
1334 1550 1606 1591 adhiberentur,
1629 1555 1671 1584 ut
1694 1554 1853 1594 oportet,
1873 1555 1909 1585 et

634 1607 771 1643 minera
800 1607 932 1643 nobilis
954 1607 1121 1643 animalis
1145 1607 1303 1651 adesset,
1328 1605 1484 1643 multum
1512 1611 1635 1652 posset
1655 1606 1733 1642 vita
1751 1605 1909 1642 hominis

633 1664 850 1711 prolongari,
883 1671 921 1701 et
963 1665 1152 1710 passiones
1199 1665 1401 1699 senectutis
1436 1669 1475 1699 et
1518 1663 1607 1699 senii
1652 1664 1830 1699 retardari
1873 1669 1908 1699 et

634 1722 798 1767 mitigari.
849 1722 962 1768 Quod
994 1733 1083 1757 vero
1116 1727 1172 1757 est
1209 1722 1243 1756 in
1270 1727 1403 1767 quarto
1430 1722 1547 1768 gradu
1583 1725 1828 1766 temperatum
1855 1727 1909 1757 est

632 1791 772 1818 aurum.
806 1781 1006 1815 secundum
1041 1780 1139 1826 quod
1181 1780 1314 1814 dicitur
1350 1780 1385 1814 in
1424 1778 1518 1815 libro
1554 1778 1603 1814 de
1641 1776 1838 1824 Spiritibus
1873 1785 1908 1815 et

633 1835 870 1882 Corporibus,
892 1837 992 1884 quod
1012 1843 1065 1873 est
1097 1838 1259 1873 maxime
1290 1836 1450 1872 amicum
1481 1843 1633 1872 naturae
1656 1836 1752 1872 inter
1776 1836 1907 1873 onmia.

631 1893 682 1929 Et
695 1895 801 1940 siper
815 1895 1081 1940 experientiam
1094 1899 1232 1929 certam
1249 1894 1351 1929 fieret
1365 1895 1550 1939 optimum
1570 1894 1671 1939 quod
1680 1899 1805 1939 potest
1820 1906 1909 1937 esse,

629 1950 688 1987 vel
705 1951 835 1987 saltem
857 1952 966 1998 longe
988 1952 1119 1987 melius
1134 1963 1248 1996 quam
1271 1957 1402 1987 natura
1425 1957 1463 1987 et
1485 1963 1543 1987 ars
1565 1951 1737 1987 alkimiae
1754 1957 1907 1997 possunt

630 2007 759 2050 facere,
771 2010 867 2045 sicut
883 2009 950 2045 suit
968 2020 1032 2045 vas
1045 2009 1144 2056 quod
1163 2009 1321 2044 rusticus
1339 2009 1485 2049 invenit,
1503 2014 1541 2045 et
1558 2008 1800 2045 resolveretur
1816 2008 1905 2045 illud

629 2067 667 2101 in
692 2077 826 2112 aquam
850 2066 997 2112 qualem
1032 2067 1125 2101 bibit
1159 2067 1354 2110 bubulcus,
1379 2071 1467 2102 tunc
1492 2067 1621 2102 miram
1656 2067 1907 2113 operationem

629 2124 762 2160 faceret
790 2124 823 2159 in
852 2135 983 2169 corpus
1014 2122 1183 2159 hominis.
1234 2122 1285 2159 Et
1312 2124 1341 2159 si
1364 2122 1530 2170 jungitur
1554 2124 1643 2161 illud
1676 2125 1778 2171 quod
1805 2130 1907 2160 natat

628 2180 666 2216 in
701 2181 803 2223 mari,
830 2181 1014 2225 videlicet,
1048 2181 1256 2227 margarita,
1284 2192 1381 2228 quae
1407 2187 1463 2217 est
1496 2193 1552 2217 res
1587 2180 1743 2217 multum
1776 2181 1908 2219 efficax

628 2238 675 2274 ad
715 2239 821 2274 vitae
850 2239 1174 2278 conservationem.
1212 2250 1254 2276 ac
1294 2240 1405 2274 etiam
1446 2238 1605 2274 addatur
1644 2250 1703 2274 ree
1736 2251 1834 2286 quae
1873 2240 1907 2276 in

628 2308 712 2332 aere
735 2301 937 2342 vegetatur,
957 2301 992 2332 et
1019 2302 1074 2332 est
1099 2296 1237 2337 anthes,
1255 2301 1293 2331 et
1319 2301 1374 2332 est
1400 2296 1466 2331 flos
1492 2297 1583 2331 roris
1607 2296 1745 2339 marini,
1766 2297 1831 2342 qui
1856 2297 1907 2332 in-

628 2353 809 2390 effabilem
839 2355 950 2390 habet
977 2354 1148 2390 virtutem
1179 2360 1306 2389 contra
1335 2351 1541 2399 passionem
1570 2354 1778 2390 senectutis.
1831 2353 1906 2390 Sed

627 2411 726 2456 quod
746 2411 892 2458 ponitur
909 2412 946 2447 in
963 2411 1161 2447 electuario
1183 2410 1353 2447 de‘emtlms
1379 2421 1452 2444 non
1476 2417 1534 2447 est
1558 2410 1636 2453 fios,
1652 2411 1718 2447 sed
1744 2411 1905 2449 mixtum

627 2479 675 2503 ex
710 2469 806 2504 foliis
839 2474 877 2503 et
909 2469 1121 2514 fragmentis
1154 2469 1294 2504 arbusti
1327 2473 1365 2504 et
1395 2479 1525 2515 parum
1558 2470 1607 2504 de
1638 2469 1736 2504 flore.
1790 2469 1907 2505 Purus

628 2527 724 2562 enim
741 2526 809 2561 flos
827 2527 863 2561 in
890 2532 1054 2573 tempore
1079 2537 1148 2562 suo
1172 2527 1285 2562 debet
1310 2526 1445 2571 colligi,
1463 2531 1501 2561 et
1524 2525 1649 2562 multis
1674 2527 1796 2562 modis
1820 2539 1907 2564 con-

626 2583 735 2629 tingit
766 2583 817 2619 uti
850 2595 895 2619 eo
928 2590 1006 2619 tam
1038 2584 1073 2619 in
1103 2583 1196 2619 cibis
1223 2594 1334 2629 quam
1372 2584 1405 2618 in
1439 2584 1585 2630 potibus
1621 2589 1657 2620 et
1689 2584 1905 2622 electuariis.

627 2640 772 2686 Quibus
797 2641 1009 2676 addendum
1037 2646 1093 2676 est
1112 2641 1212 2686 quod
1232 2652 1253 2675 a
1276 2641 1363 2675 mari
1392 2642 1578 2687 projicitur
1596 2649 1632 2678 et
1658 2646 1715 2678 est
1737 2642 1871 2680 ambra
1883 2642 1906 2685 ¹,

626 2709 720 2744 quae
737 2704 791 2734 est
808 2710 952 2744 sperma
970 2704 1083 2741 cetae,
1101 2710 1159 2734 res
1176 2699 1290 2734 mirae
1305 2699 1450 2734 virtutis
1467 2701 1503 2734 in
1521 2700 1589 2735 hac
1607 2705 1723 2745 parte.
1774 2700 1905 2736 Planta

627 2755 752 2791 Indiae
772 2755 830 2791 his
852 2762 908 2792 est
932 2755 1137 2795 conformis,
1157 2762 1195 2791 et
1220 2761 1276 2791 est
1301 2755 1439 2792 bonum
1466 2757 1606 2802 lignum
1629 2757 1740 2801 aloes,
1757 2769 1905 2802 novum,

625 2824 697 2848 non
729 2813 1020 2860 sophisticatum.
1081 2812 1223 2858 Quibus
1261 2813 1467 2850 annectitur
1496 2815 1596 2860 quod
1629 2820 1685 2851 est
1720 2815 1760 2851 in
1794 2817 1905 2853 eorde

915 2936 923 2952 ¹
945 2935 1001 2963 Not
1014 2936 1125 2971 ambra,
1139 2945 1172 2963 u
1187 2936 1214 2963 in
1228 2935 1255 2970 J,
1299 2935 1321 2964 [ι
1336 2936 1361 2964 is
1372 2936 1538 2973 ambergris.
