2350 3580
630 695 848 729 atomus
872 694 1227 728 PHILOSOPHIA:
1263 694 1391 728 PARS
1422 694 1604 728 TERTIA.
1693 703 1756 739 331

479 795 668 822 acrarum
691 785 907 832 opinionum
930 785 1142 821 conditores
1169 785 1279 821 nobis
1302 785 1380 820 nati
1405 789 1502 828 sunt,
1518 784 1626 820 nobis
1641 785 1757 820 vitam

480 849 801 889 praeparaverunt.
848 842 914 879 Ad
939 855 998 879 ree
1020 841 1284 890 pulcherrimas
1308 854 1356 878 ex
1371 842 1543 879 tenebris
1568 843 1617 878 ad
1637 842 1757 878 lucem

479 906 606 937 erum
630 901 750 938 alieno
772 900 900 938 labore
927 901 1153 938 deducimur.
1203 899 1320 936 NuIIo
1345 899 1452 936 nobis
1475 900 1624 936 saeculo
1647 900 1757 936 inter-

478 957 621 996 dietum
648 964 716 1002 eut.
737 958 775 996 in
797 959 922 996 omnia
945 958 1187 996 admittimur.
1235 958 1290 995 Et
1313 959 1344 994 si
1369 958 1621 1004 magnitudine
1645 958 1757 994 animi

478 1017 606 1062 egredi
638 1017 822 1053 humanae
854 1016 1118 1053 imbecillitatis
1149 1016 1339 1063 angustias
1370 1016 1472 1057 libet,
1502 1014 1658 1051 multum
1694 1027 1759 1062 per

477 1073 580 1120 quod
604 1074 807 1121 spatiemur
829 1074 1005 1122 temporis
1030 1080 1098 1111 est.
1150 1074 1351 1121 Disputare
1373 1085 1458 1110 cum
1482 1073 1636 1110 Socrate
1662 1073 1758 1117 licet,

478 1127 651 1170 dubitare
677 1143 761 1169 cum
788 1131 977 1169 Carneade
989 1132 1012 1174 ¹,
1034 1160 1041 1167 .
1065 1159 1074 1166 .
1101 1161 1108 1168 .
1131 1132 1290 1168 bominis
1316 1138 1483 1168 naturam
1512 1143 1596 1168 cum
1623 1131 1758 1169 Stoicis

479 1190 638 1231 vincere.
679 1201 762 1226 cum
805 1189 953 1237 Cynicis
997 1190 1176 1231 excidere,
1219 1201 1335 1237 quum
1380 1200 1498 1225 rerum
1546 1195 1676 1225 natura
1719 1190 1756 1225 in

478 1248 707 1284 consortium
739 1249 860 1284 omnis
891 1249 972 1284 aevi
1006 1248 1168 1295 patiatur
1200 1248 1379 1283 incedere.
1434 1247 1573 1293 Quidni
1605 1248 1657 1283 ab
1688 1248 1758 1284 hoc

479 1305 621 1352 exiguo
646 1311 685 1342 et
711 1307 852 1343 caduco
879 1306 1057 1352 temporis
1084 1305 1243 1342 transitu
1271 1305 1308 1341 in
1332 1304 1393 1341 ina
1421 1311 1503 1341 toto
1531 1316 1601 1341 nos
1627 1305 1757 1341 demus

479 1363 606 1400 animo
621 1374 717 1410 quae
734 1364 913 1400 irnmensa
930 1374 1027 1411 quae
1048 1370 1196 1400 aeterna
1212 1369 1308 1405 sunt,
1323 1374 1419 1409 quae
1443 1373 1525 1399 cum
1546 1363 1758 1400 melioribus

478 1422 720 1459 eommunia?
748 1445 757 1455 ·
788 1447 796 1456 .
827 1447 836 1457 .
865 1422 939 1468 Qui
969 1422 1157 1459 Zenonem
1190 1423 1254 1468 qui
1286 1421 1536 1468 Pythagoram
1561 1421 1695 1457 cotidie
1720 1428 1758 1457 et

482 1479 739 1516 Dem0critum
782 1485 1019 1526 caeterosque
1062 1480 1248 1515 antistites
1290 1480 1467 1515 bonarum
1507 1480 1654 1521 artium,
1696 1481 1757 1526 qui

479 1535 725 1573 Aristotelem
752 1543 791 1574 et
820 1536 1117 1584 Theophrastum
1145 1536 1272 1574 volent
1301 1537 1435 1573 habere
1463 1548 1574 1584 quam
1605 1536 1755 1573 familia-

480 1594 646 1631 rissimos
670 1623 680 1631 .
702 1622 712 1630 .
738 1622 748 1632 .
769 1595 889 1632 serent
910 1606 959 1632 ex
983 1595 1054 1632 iuis
1077 1595 1252 1642 quicquid
1274 1594 1402 1632 volent
1412 1594 1436 1629 ².
1488 1594 1556 1631 Per
1577 1594 1661 1631 illos
1683 1606 1756 1631 non
1772 1598 1844 1636 Cap.
1859 1606 1868 1627 ι
1875 1607 1898 1635 5·

480 1652 596 1689 stabit
628 1653 826 1699 quominus
858 1653 1056 1701 plurimum
1090 1654 1190 1699 quod
1222 1654 1386 1701 ceperint
1418 1653 1598 1689 hauriant.
1649 1653 1756 1699 Quae

479 1709 584 1747 illum
600 1709 764 1754 felicitas,
779 1722 892 1758 quam
915 1710 1068 1758 pulchra
1083 1716 1254 1758 senectus
1276 1717 1400 1748 manet
1419 1712 1482 1758 qui
1506 1723 1547 1746 se
1574 1712 1607 1747 in
1628 1710 1758 1747 horum

477 1767 686 1805 clientelam
711 1769 886 1806 contulit!
921 1768 1071 1805 babebit
1097 1781 1183 1806 cum
1212 1769 1343 1816 quibus
1372 1769 1422 1805 de
1449 1769 1609 1805 minimis
1637 1769 1759 1805 maxi-

479 1826 627 1873 misque
648 1828 758 1864 rebus
779 1827 968 1870 deliberet,
986 1838 1079 1874 quos
1099 1829 1144 1864 de
1166 1839 1209 1864 se
1229 1827 1363 1864 cotidie
1385 1827 1563 1869 consulat,
1581 1837 1603 1863 a
1625 1827 1758 1873 quibus

478 1895 610 1920 verum
625 1885 751 1920 audiat
768 1885 848 1920 sine
863 1886 1086 1923 contumelia
1103 1913 1111 1920 .
1132 1913 1141 1922 .
1159 1912 1168 1920 .
1185 1887 1234 1921 ad
1250 1896 1406 1931 quorum
1423 1896 1463 1920 se
1481 1885 1756 1920 similitudinem

478 1937 642 1986 effingat.
661 1966 669 1975 .
741 1939 794 1977 Hi
812 1940 880 1976 tibi
897 1941 1037 1977 dabunt
1054 1942 1102 1977 ad
1119 1940 1379 1977 aeternitatem
1396 1941 1474 1983 iter,
1487 1946 1525 1976 et
1542 1946 1581 1976 te
1598 1940 1634 1976 in
1653 1939 1756 1976 ilium

479 1996 602 2035 iocum
629 2009 679 2035 cx
705 2010 779 2046 quo
802 2010 914 2036 nemo
937 1999 1115 2045 dejicitur,
1137 1998 1392 2039 sublevabunt,
1411 1998 1503 2034 haec
1524 1997 1637 2034 vera⁸
1663 1999 1757 2034 ratio

476 2060 536 2091 ent
569 2057 831 2094 extendendae
862 2053 1099 2094 mortaiitatis
1110 2056 1134 2091 ⁴.
1168 2081 1176 2092 .
1208 2082 1215 2092 .
1249 2085 1259 2093 .
1289 2056 1472 2096 Honores.
1506 2061 1757 2098 monumenta,

477 2115 655 2161 quicquid
679 2121 744 2152 aut
774 2116 930 2152 decretis
959 2115 1113 2151 ambitio
1134 2114 1246 2160 jussit
1274 2120 1341 2150 aut
1365 2116 1538 2161 operibus
1564 2115 1757 2156 exstruxit,

477 2171 556 2208 cito
586 2172 780 2209 subruitur.
810 2198 820 2208 .
852 2199 862 2208 .
895 2198 902 2207 .
932 2173 1040 2219 Quae
1068 2174 1295 2209 consecravit
1330 2174 1510 2219 sapientia
1540 2199 1548 2208 .
1580 2198 1588 2208 .
1618 2199 1627 2208 .
1657 2172 1756 2209 nulia

476 2229 643 2267 abolebit
665 2237 775 2267 aetas.
801 2258 810 2267 .
837 2257 845 2267 .
870 2259 879 2266 .
903 2230 1090 2278 Sapientis
1114 2242 1205 2278 ergo
1230 2231 1388 2267 multum
1409 2237 1512 2276 patet
1533 2231 1619 2268 vita.
1670 2231 1757 2267 Non

476 2287 577 2324 idem
612 2287 715 2324 iilum
748 2289 812 2334 qui
846 2296 1010 2324 caeteros
1043 2289 1222 2324 terminus
1259 2288 1409 2324 claudit.
1468 2288 1578 2324 Solus
1614 2289 1758 2336 generis

477 2343 632 2382 humani
652 2344 795 2392 legibus
815 2346 978 2382 solvitur.
1028 2346 1164 2382 Omnia
1190 2347 1240 2382 illi
1261 2347 1408 2382 saecula
1430 2352 1470 2382 ut
1494 2347 1564 2382 deo
1586 2348 1756 2382 serviunt.

477 2402 641 2440 Transiit
675 2409 822 2451 tempus
855 2404 1028 2451 aliquod;
1069 2404 1140 2441 hoc
1182 2404 1434 2440 recordatione
1467 2404 1756 2450 comprehendit.

479 2460 627 2503 lustau
651 2461 730 2498 -hoc
765 2462 890 2499 utitur.
938 2462 1145 2499 Venturum
1175 2469 1256 2505 an
1290 2461 1360 2499 hoc
1393 2461 1589 2509 praecipit·
1616 2468 1654 2498 et
1685 2463 1756 2499 dis-

477 2519 584 2565 ponit
594 2518 618 2554 5.
647 2545 656 2554 .
683 2547 692 2555 .
719 2544 727 2554 .

526 2580 536 2596 ⁴
550 2576 705 2614 Iliorum
730 2577 943 2614 brevissima
961 2603 970 2612 .
988 2604 997 2613 .
1016 2603 1024 2613 .
1040 2584 1143 2614 aetas
1163 2584 1221 2614 est
1241 2578 1303 2624 qui
1324 2579 1605 2623 praeteritorum
1627 2577 1757 2614 oblivi-
1772 2574 1945 2613 Cap-1⁶³7-

476 2640 644 2678 κυιιτιιν,
660 2637 867 2682 praeuentia
882 2635 1085 2682 negligunt,
1110 2637 1159 2672 de
1185 2636 1305 2671 futuro
1332 2635 1474 2671 timent.
1505 2662 1512 2671 .
1541 2662 1549 2671 .,
1576 2662 1585 2671 .
1612 2634 1756 2672 Gaudia

514 2711 524 2728 ⁸
544 2711 571 2741 ΙΙ
594 2711 620 2739 io
640 2712 826 2746 notewonhy
843 2712 905 2740 that
927 2713 974 2740 the
998 2712 1147 2745 following
1165 2712 1273 2745 words,
1296 2720 1361 2739 cum
1383 2711 1505 2746 Epicuro
1526 2713 1686 2746 quiescere,
1708 2721 1759 2740 nne

477 2754 598 2783 omitted
616 2755 656 2791 by
670 2755 778 2783 namn.

513 2796 526 2815 ¹
543 2798 638 2826 “eren
649 2819 658 2826 .
671 2819 679 2826 .
689 2817 699 2826 .
711 2797 811 2833 volet:
826 2799 948 2828 Seneca.
1335 2798 1346 2814 ¹
1364 2806 1432 2831 unu,
1445 2798 1569 2826 Seneca.

514 2842 526 2857 ⁶
542 2842 659 2872 Seneca
669 2842 751 2876 adds,
765 2843 866 2871 *immo
879 2842 909 2871 in
922 2842 1159 2871 innormitatem
1172 2841 1345 2871 vertendae!

515 2885 527 2902 ¹
545 2885 610 2915 'nte
632 2886 688 2914 inat
708 2886 791 2914 three
812 2886 886 2914 line·
908 2886 941 2914 oi’
961 2886 1019 2914 thi-
1044 2886 1205 2922 pungi-aph
1234 2895 1285 2914 ure
1314 2886 1487 2920 incorrectly
1516 2886 1692 2915 mmet-iheu
1722 2886 1760 2922 by

478 2928 517 2958 D.
529 2931 589 2958 and
607 2930 646 2958 0.

470 3006 656 3034 nuncu-nn
