2350 3580
625 484 694 519 494
926 476 1300 512 MULTIPLICATIO
1326 476 1614 510 SPECIERUH.

626 566 802 603 foramen.
851 566 928 604 Sed
969 567 1041 604 hoc
1081 572 1137 603 est
1172 566 1450 613 intelligendum
1485 567 1523 602 in
1562 566 1753 605 distantia
1789 566 1919 611 dehita,

626 625 802 671 quoniam
827 625 935 661 valde
959 636 1078 673 prope
1106 624 1269 662 foramen
1294 636 1369 661 non
1393 625 1574 661 accideret
1601 625 1688 667 hoc,
1716 626 1789 661 sed
1816 625 1919 660 inter·

626 682 740 719 sectio
757 683 942 719 radiorum
959 694 1044 720 cum
1059 682 1187 719 debita
1203 683 1377 719 distantia
1394 689 1451 719 est
1467 693 1580 718 musa
1596 682 1731 728 hujus.

677 740 729 775 Et
756 741 1061 777 considerandum
1089 746 1147 776 est
1171 741 1273 787 quod
1303 751 1447 787 semper
1471 744 1529 776 est
1562 740 1690 786 majus
1723 740 1854 776 lumen
1883 746 1917 776 et

625 797 755 833 fortius
781 798 818 833 in
844 798 966 834 medio
990 797 1080 834 lucis
1105 798 1292 840 mdentis;
1326 803 1364 833 et
1389 808 1498 834 causa
1523 797 1638 844 hujus
1663 803 1737 841 est,
1761 798 1852 844 quia
1873 798 1915 833 ad

624 854 716 890 illud
734 856 898 891 medium
915 856 1130 902 pertingunt
1147 855 1238 891 radii
1258 866 1332 891 non
1354 855 1476 891 solum
1492 856 1773 892 intersecantes
1791 867 1842 897 se,
1857 856 1914 892 sed

626 913 714 949 recti
733 914 781 949 ad
801 912 1130 949 circumferentiam
1153 923 1228 948 non
1251 908 1438 958 attingunt
1461 913 1529 948 nisi
1553 913 1844 958 intermontes,
1859 913 1915 959 qui

624 976 713 1006 sunt
736 981 847 1006 causa
870 971 1141 1019 debilitationis.
1190 969 1377 1017 Quoniam
1392 982 1481 1006 vero
1504 971 1542 1006 in
1567 970 1735 1017 sphaera
1762 977 1915 1017 possunt

623 1038 753 1063 omnes
776 1027 914 1074 figurae
936 1028 1146 1075 corporales
1170 1033 1209 1064 et
1233 1028 1419 1074 regulares
1442 1027 1606 1075 intelligi,
1624 1033 1668 1064 et
1693 1028 1732 1064 in
1761 1024 1915 1074 sphaera

623 1091 780 1131 possunt
808 1097 938 1121 omnes
968 1086 1093 1123 circuli
1126 1086 1356 1130 circumduci,
1382 1087 1418 1122 in
1443 1086 1576 1131 quibus
1606 1097 1747 1123 omnes
1778 1086 1913 1134 figurae

624 1142 873 1188 superficiale·
901 1143 1086 1190 regulares
1116 1149 1272 1189 possunt
1300 1143 1467 1179 similiter
1492 1143 1653 1187 inscribi,
1679 1150 1805 1190 atque
1834 1144 1912 1181 licet

624 1200 771 1247 proprie
782 1200 926 1236 inscribi
942 1200 1038 1236 aliae
1054 1212 1128 1237 non
1141 1205 1294 1247 possunt
1308 1207 1373 1247 per
1384 1200 1633 1237 definitionem
1648 1202 1913 1248 inscriptionis,

624 1262 751 1293 tamen
782 1258 908 1294 valent
947 1258 1096 1304 figurari
1132 1258 1168 1293 in
1206 1258 1360 1305 sphaera
1401 1269 1538 1294 omnes.
1589 1258 1844 1305 Quapropter
1877 1260 1911 1295 in

625 1315 927 1361 multiplicatione
955 1315 1146 1362 sphaerica
1174 1316 1298 1351 omnia
1326 1326 1460 1362 genera
1491 1315 1764 1362 figurationum
1800 1317 1910 1352 inclu-

624 1372 783 1408 duntur:
807 1379 845 1409 et
868 1373 952 1409 ideo
973 1374 1093 1411 omnis
1115 1373 1370 1419 multiplicatio
1394 1373 1528 1419 speciei
1552 1374 1764 1410 secundum
1783 1386 1910 1421 quarn·

625 1429 715 1466 libet
732 1430 887 1477 figuram
904 1436 1027 1477 potest
1043 1431 1191 1478 reperiri
1208 1430 1247 1466 in
1268 1430 1569 1477 multiplicatione
1583 1431 1783 1477 sphaerioe
1798 1443 1908 1477 quam

625 1487 722 1524 facit.
772 1487 847 1524 Sed
881 1494 1061 1534 quantum
1102 1490 1150 1525 ad
1192 1488 1324 1524 sortem
1366 1488 1668 1524 illuminationem
1711 1489 1909 1535 cujuslibet

624 1546 750 1592 puncti
791 1545 842 1581 rei
883 1546 1109 1588 tenebrosae,
1151 1545 1232 1582 sola
1271 1545 1389 1592 figura
1430 1546 1669 1593 pyramidalis
1714 1547 1909 1592 requiritur

625 1603 839 1639 naturaliter
854 1615 864 1646 ς
888 1608 927 1638 et
943 1615 1018 1639 non
1033 1602 1229 1650 quaelibet,
1247 1603 1312 1639 sed
1333 1603 1397 1639 illa
1412 1603 1517 1650 cujus
1536 1602 1635 1639 basis
1654 1610 1715 1640 ωε
1736 1615 1854 1650 super
1868 1615 1909 1640 os

626 1661 795 1697 luminosi
828 1661 998 1707 corporis,
1024 1667 1063 1697 et
1091 1660 1172 1707 ejus
1204 1672 1318 1698 conus
1346 1661 1445 1697 cadit
1479 1661 1517 1696 in
1544 1666 1690 1708 partem
1721 1656 1908 1698 tenebrosi

623 1718 797 1765 corporis.
839 1718 939 1754 Nam
955 1718 992 1753 in
1009 1719 1079 1754 hac
1095 1718 1175 1755 sola
1191 1718 1312 1765 figura
1328 1718 1492 1755 salvatur
1507 1717 1669 1764 perfecta
1684 1718 1908 1755 illuminatio

623 1782 662 1812 et
679 1776 775 1812 actio
791 1780 954 1819 naturae,
973 1782 1016 1813 ut
1033 1781 1242 1823 exponetur
1259 1776 1408 1812 inferius
1423 1787 1492 1812 suo
1507 1776 1600 1813 loco.

1090 1951 1342 1989 Cam-omn
1368 1951 1435 1988 IX.

1043 2048 1197 2085 Habens
1212 2055 1288 2085 tres
1303 2047 1485 2084 veritates.

437 2146 588 2209 Rq’fm'
674 2135 816 2171 Habito
838 2135 874 2171 in
902 2134 1094 2171 universali
1120 2135 1167 2171 de
1191 2134 1408 2181 figuratione
1432 2134 1643 2181 specierum,
1662 2144 1762 2170 nunc
1787 2134 1907 2181 magis

437 2183 504 2247 5¹⁸⁶
527 2190 586 2246 ἓξ
623 2192 659 2228 in
701 2192 908 2239 particulari
942 2193 1249 2229 considerandum
1282 2197 1434 2238 propter
1464 2192 1608 2244 quaeda
1650 2235 1657 2242 ,
1681 2202 1850 2238 corpora.
1884 2202 1907 2227 a

438 2255 467 2283 in
623 2251 757 2296 quibus
776 2255 832 2286 est
857 2249 1062 2297 principalis
1087 2248 1341 2296 multiplicatio
1366 2249 1402 2284 in
1428 2248 1499 2285 hoc
1520 2242 1610 2285 maa
1641 2237 1907 2291 ‘consider-ata,

465 2295 544 2355 „5:5⁸
623 2313 665 2344 ut
699 2314 756 2344 est
789 2307 824 2344 in
858 2308 1067 2354 sphaericis,
1094 2306 1302 2353 cujusmodi
1338 2311 1423 2342 sunt
1456 2305 1585 2344 stellae
1619 2311 1658 2342 et
1689 2306 1800 2342 oculi.
1854 2306 1907 2342 Et

437 2363 533 2406 show-3
547 2364 585 2399 by
624 2371 762 2402 certum
779 2371 835 2401 est
852 2366 954 2411 quod
971 2365 1019 2401 ab
1037 2376 1110 2402 una
1127 2370 1233 2411 parte
1255 2365 1398 2411 agentis
1420 2369 1564 2400 tantum
1587 2374 1659 2399 non
1682 2363 1730 2399 sit
1754 2364 1906 2410 species,

436 2408 576 2464 ξζῃωέἳ..
622 2434 689 2459 nec
715 2434 737 2459 a
761 2423 907 2460 duabus
932 2423 1061 2466 solum,
1084 2423 1148 2458 sed
1173 2423 1222 2458 ab
1246 2422 1427 2465 omnibus,
1450 2421 1551 2467 quod
1576 2420 1819 2457 certificatum
1847 2428 1907 2457 est

436 2472 576 2501 ΜΝ*
623 2491 689 2527 per
704 2480 802 2517 dicta
818 2480 948 2526 Jacobi
966 2480 1122 2516 Alkindi
1144 2480 1192 2516 de
1209 2479 1442 2526 Aspectibus.
1490 2477 1678 2525 Quoniam
1702 2479 1732 2514 si
1754 2479 1805 2515 ab
1828 2490 1907 2515 una

623 2545 738 2586 parte,
755 2543 795 2574 ut
818 2547 1002 2585 ponamus
1024 2549 1047 2573 a
1068 2543 1194 2574 centro
1216 2537 1264 2572 de
1279 2547 1356 2583 quo
1378 2536 1541 2572 maxime
1563 2536 1765 2572 credebant
1787 2536 1905 2583 aliqui

616 2596 782 2642 ‘speciem
809 2596 994 2632 radiosam
1020 2595 1138 2631 solum
1164 2594 1252 2638 fieri,
1273 2600 1361 2630 tunc
1385 2593 1504 2630 omnis
1528 2594 1659 2630 umbra
1683 2593 1908 2630 dilataretur

623 2658 764 2699 quanto
780 2653 898 2699 magis
914 2653 1137 2699 procederet,
1154 2657 1195 2687 ut
1215 2652 1334 2699 arguit
1359 2651 1568 2698 praedictus
1593 2651 1838 2698 philosophus
1864 2658 1906 2688 et

623 2716 728 2758 patet
745 2711 783 2746 in
799 2710 925 2757 figura.
977 2710 1028 2746 Et
1045 2711 1201 2746 destruit
1223 2720 1450 2756 consequens
1472 2720 1522 2744 ex
1544 2708 1627 2751 hoc,
1642 2709 1744 2754 quod
1768 2709 1906 2746 umbra
