2350 3580
568 522 636 566 462
863 522 1152 556 MULTIPLICA
1159 522 1190 555 T
1184 522 1238 555 10
1264 521 1548 556 SPECJERUM.

569 621 607 648 et
641 613 802 648 incensus
831 611 968 648 fractus
997 612 1198 648 secundum
1227 612 1328 658 quod
1359 612 1527 648 moderni
1556 617 1736 648 utuntur.
1788 611 1858 648 Sed

569 676 695 706 tamen
718 675 887 706 auctores
903 669 1134 716 Aspectuum
1152 675 1287 706 vocant
1302 668 1518 705 fractionem
1542 669 1809 713 reflexionem,
1823 675 1858 705 et

568 728 618 762 ab
643 727 696 763 eis
721 733 873 763 vocatur
901 727 1042 772 species
1071 726 1219 770 reflexa,
1243 732 1281 762 et
1309 726 1433 763 radius
1457 726 1648 768 reflexus;
1677 729 1752 764 se'd
1776 727 1857 774 quia

568 785 675 821 aliter
699 785 839 821 utimur
863 783 1072 828 reflexione,
1096 789 1134 819 et
1159 783 1328 820 similiter
1356 784 1427 830 ipsi
1459 790 1647 829 auctores,
1674 791 1715 821 et
1743 785 1858 831 magis

568 843 713 888 proprie
735 843 830 878 sicut
853 847 982 888 postea
998 842 1142 877 scietur.
1162 842 1247 878 idco
1263 842 1519 888 imputandum
1544 847 1605 878 est
1621 842 1722 879 vitio
1741 848 1855 878 trans·

569 899 725 942 lationis,
753 910 849 947 quae
881 911 956 935 non
988 898 1160 934 distinxit
1194 900 1230 934 in
1246 898 1402 946 ‘Latino
1435 898 1798 946 aequivocationem·
1821 905 1856 936 et

568 957 798 993 dubietatem
826 956 977 992 alterius
1000 955 1158 1002 linguae.
1209 956 1259 992 Et
1288 957 1372 992 ideo
1399 957 1498 1003 apud
1530 956 1798 994 Ptolemaeum
1822 963 1855 993 et

569 1014 735 1051 Alhazen
749 1021 788 1052 et
803 1021 969 1051 caeteros
981 1013 1090 1050 valde
1106 1014 1310 1050 cavendum
1323 1013 1334 1035 ¹
1352 1019 1418 1057 est,
1430 1015 1530 1060 quod
1543 1015 1690 1051 sciatur
1706 1016 1854 1063 quando

567 1073 745 1119 accipitur
774 1072 924 1108 reflexio
953 1083 1021 1119 pro
1050 1071 1239 1115 fractione,
1265 1078 1303 1108 et
1330 1073 1478 1118 quando
1502 1083 1590 1115 non,
1616 1078 1660 1108 et
1690 1073 1855 1109 maxime

568 1130 688 1176 primo
717 1129 824 1174 libro,
854 1136 892 1166 et
921 1129 1083 1165 secundo
1111 1135 1149 1165 et
1185 1129 1356 1176 septimo,
1385 1130 1447 1166 ubi
1477 1129 1640 1165 multum
1676 1131 1855 1179 accipitur

569 1187 719 1224 reflexio
744 1198 812 1234 pro
838 1186 1024 1230 fractione,
1049 1192 1087 1223 et
1111 1187 1280 1224 similiter
1308 1188 1408 1234 apud
1436 1186 1549 1224 libros
1580 1187 1795 1224 Ptolemaei
1822 1189 1854 1224 ei

568 1244 781 1281 conformes.
833 1244 909 1281 Sed
933 1244 1109 1291 quoniam
1135 1244 1264 1281 fractio
1294 1256 1368 1281 non
1394 1245 1501 1292 plene
1526 1245 1752 1293 intelligitur
1779 1247 1855 1281 sine

569 1303 710 1338 incessu
737 1307 837 1339 recto
861 1308 899 1338 et
924 1303 1214 1349 perpendiculari
1239 1303 1409 1339 ducendo
1432 1314 1455 1337 a
1480 1302 1564 1339 loco
1592 1302 1793 1340 fractionis
1818 1305 1853 1339 in

567 1371 700 1407 corpus
717 1360 931 1401 secundum,
949 1360 1033 1395 ideo
1049 1371 1187 1406 ponam
1204 1360 1429 1407 exemplum,
1445 1360 1507 1395 ubi
1524 1359 1676 1396 traham
1694 1372 1853 1408 perpen-

568 1416 766 1454 dicularem
786 1424 823 1454 et
844 1418 1025 1454 incessum
1048 1423 1188 1453 rectum
1211 1423 1248 1454 et
1267 1418 1478 1454 fractionem
1506 1419 1542 1452 in
1567 1429 1657 1454 aere
1682 1424 1722 1454 et
1748 1430 1852 1466 aqua.

1044 1474 1207 1521 Quando
1243 1476 1341 1511 enim
1383 1476 1524 1522 species
1564 1476 1766 1512 descendit
1805 1476 1853 1512 ab

1043 1544 1129 1568 aere
1153 1534 1190 1569 in
1215 1545 1349 1580 aquam
1380 1545 1454 1569 non
1484 1534 1851 1581 perpendiculariter,

1043 1596 1189 1637 oportet
1206 1591 1306 1637 quod
1323 1591 1519 1638 frangatur,
1532 1596 1570 1627 et
1588 1592 1702 1628 cadet
1720 1591 1852 1628 fractio

924 1652 1002 1681 ΑουΑ
1043 1648 1137 1684 inter
1166 1648 1345 1685 incessum
1371 1655 1512 1685 rectum
1538 1654 1577 1685 et
1603 1650 1850 1696 perpendicu-

593 1718 615 1756 ὁ
1042 1705 1154 1742 larem
1179 1706 1386 1741 ducendam
1407 1717 1429 1741 a
1450 1706 1532 1743 loco
1548 1706 1753 1743 fractionis.
1806 1707 1848 1743 In

1041 1763 1242 1808 sphaericis
1258 1774 1345 1799 vero
1366 1764 1578 1809 corporibus
1602 1765 1850 1811 perpendicu-

648 1793 675 1831 ἄ
734 1850 793 1878 Fu:
816 1856 850 1885 ⁷³
1043 1821 1127 1857 laris
1156 1822 1254 1858 cadit
1284 1822 1321 1857 in
1351 1827 1515 1857 centrum
1550 1822 1746 1868 sphaerae.
1798 1823 1849 1858 Et

796 1871 802 1876 '
853 1869 860 1877 ⁶
1043 1880 1130 1926 quia
1168 1879 1264 1915 sacta
1308 1886 1365 1915 est
1404 1881 1543 1915 mentio
1579 1881 1628 1915 de
1664 1880 1849 1918 fractione

567 1938 605 1973 in
633 1938 849 1984 corporibus
878 1938 1005 1974 mundi
1037 1937 1247 1984 sphaericis,
1276 1937 1361 1973 ideo
1395 1948 1492 1973 nunc
1523 1936 1753 1984 subjungam
1782 1949 1848 1974 ex·

566 1996 730 2043 emplum
761 1996 797 2031 in
830 1996 895 2039 eis,
924 2001 966 2032 ut
998 1995 1144 2031 inferius
1181 1996 1217 2030 in
1252 1994 1382 2040 planis,
1411 2001 1449 2031 et
1478 1995 1681 2030 secundum
1718 2007 1849 2033 omnes

567 2054 699 2089 modos
732 2053 1002 2100 sphaerioorum
1036 2053 1100 2089 ubi
1141 2053 1175 2089 in
1211 2052 1419 2098 particulari
1452 2053 1594 2088 dicetur
1631 2053 1679 2088 de
1715 2061 1849 2090 natura

565 2110 762 2148 fractionis.
813 2110 870 2147 Sit
896 2111 1007 2157 igitur
1032 2122 1145 2158 agens
1168 2123 1202 2153 a,
1220 2116 1260 2145 ut
1285 2110 1362 2146 avis
1387 2111 1423 2145 in
1448 2121 1533 2146 aere
1556 2110 1613 2145 vel
1641 2111 1765 2147 nubes
1789 2111 1848 2148 vel

565 2169 675 2212 aliud,
703 2175 742 2205 et
775 2169 937 2205 medium
968 2168 1139 2204 subtilius
1162 2169 1209 2204 sit
1239 2179 1311 2205 aer,
1338 2173 1376 2203 et
1406 2168 1553 2203 densius
1585 2168 1632 2203 sit
1662 2179 1791 2214 aqua;
1824 2181 1849 2205 a

564 2227 675 2272 igitur
698 2227 785 2263 facit
814 2227 1162 2273 perpendiculariter
1190 2231 1228 2261 et
1256 2237 1330 2261 non
1361 2225 1710 2272 perpendiculariter
1740 2238 1848 2263 suam

563 2284 722 2331 speciem
741 2295 807 2330 per
824 2284 984 2319 medium
1003 2283 1095 2319 aeris
1115 2289 1153 2319 et
1171 2294 1299 2329 aquae.
1341 2282 1502 2329 Quando
1518 2294 1606 2319 vero
1623 2282 1686 2319 illa
1703 2286 1848 2331 species

563 2342 664 2377 venit
702 2353 775 2376 non
809 2340 1158 2388 perpendiculariter
1190 2341 1238 2376 ad
1275 2340 1505 2386 superficiem
1539 2351 1670 2386 aquae,
1703 2341 1848 2378 invenit

564 2399 731 2445 medium
753 2400 913 2441 densius,
931 2405 969 2435 et
993 2399 1077 2435 ideo
1094 2404 1241 2445 oportet
1257 2400 1359 2445 quod
1385 2403 1503 2434 mutet
1527 2399 1708 2434 incessum
1737 2411 1847 2436 suum

563 2462 703 2493 rectum
722 2462 758 2493 et
776 2457 934 2493 declinet
951 2457 999 2492 ab
1015 2467 1069 2497 eo,
1089 2462 1127 2493 et
1149 2455 1257 2492 saciat
1274 2455 1459 2503 angulum,
1479 2462 1516 2491 et
1536 2456 1710 2492 transibit
1729 2468 1849 2504 usque

563 2515 612 2551 ad
628 2514 665 2558 d,
682 2514 890 2561 relinquens
912 2514 1066 2551 densum
1085 2514 1186 2560 quod
1211 2515 1311 2550 vadit
1327 2514 1375 2550 ad
1393 2514 1424 2557 b,
1441 2514 1529 2560 quia
1549 2512 1733 2560 frangitur
1751 2515 1849 2552 inter

564 2573 744 2608 incessum
770 2577 908 2608 rectum
934 2577 972 2608 et
997 2571 1334 2619 perpendicularem
1359 2572 1567 2608 ducendam
1593 2582 1617 2607 a
1642 2571 1725 2606 loco
1752 2571 1847 2609 frac-

563 2630 677 2665 tionis
692 2630 753 2675 qui
772 2635 830 2665 est
845 2641 874 2664 e.
917 2629 1121 2676 Quomodo
1141 2640 1229 2665 vero
1247 2629 1371 2666 multis
1385 2629 1465 2665 aliis
1482 2629 1604 2665 modis
1618 2628 1683 2664 fiat
1701 2627 1850 2671 fractio,

934 1581 993 1605 Αικ

600 2713 611 2731 ¹
629 2713 753 2742 Bucon's
766 2714 879 2742 cantion
893 2714 918 2742 is
931 2718 1005 2742 most
1018 2713 1145 2742 needsul.
1181 2713 1225 2742 Cf.
1247 2722 1384 2749 passages
1395 2713 1504 2748 quoted
1515 2722 1554 2741 ou
1569 2721 1617 2747 pp.
1633 2721 1690 2747 473
1708 2715 1770 2742 and
1783 2723 1849 2751 ⁴7³·

564 2757 705 2792 Ptolemy,
716 2757 862 2792 however,
875 2757 1040 2786 sometimes
1052 2765 1120 2786 uses
1133 2757 1183 2785 the
1194 2757 1277 2784 word
1291 2757 1463 2785 nurbema'o
1474 2757 1518 2784 for
1530 2756 1664 2784 reflected
1677 2765 1755 2792 ruys.
