2350 3580
1024 768 1201 811 PARS
1241 768 1480 811 TERTIA

823 891 1340 928 MULTIPLICATIONIS
1367 890 1704 928 SPECIERUM.

911 996 1045 1044 Incipit
1063 996 1173 1033 tertia
1188 1008 1274 1043 pars
1293 996 1401 1042 hujus
1416 1002 1610 1033 tractatus.

1103 1109 1355 1147 curruum
1386 1109 1415 1146 Ι.

434 1218 608 1255 *rhem
671 1204 814 1241 Habito
846 1206 894 1241 de
927 1203 1126 1241 lineatione
1157 1211 1195 1241 et
1232 1204 1450 1252 figuratione
1481 1204 1617 1251 speciei
1651 1204 1912 1252 multiplicata,

433 1255 485 1284 has
496 1263 534 1283 no

434 1292 532 1327 bodily

434 1328 572 1356 existence

434 1373 452 1391 ι
490 1368 514 1391 rt
527 1363 598 1391 from

434 1405 445 1427 t
485 1404 496 1427 t
509 1400 543 1427 of
551 1400 599 1428 the

434 1436 557 1464 medium

433 1472 557 1509 through

436 1507 529 1537 which
542 1509 563 1536 it

435 1553 538 1581 mssa.

621 1268 887 1309 consequenter
927 1262 1232 1298 considerandum
1273 1263 1322 1298 de
1363 1262 1476 1298 modo
1516 1261 1597 1308 ejus
1641 1263 1835 1299 existendi
1874 1263 1908 1297 in

621 1320 754 1364 medio,
782 1325 820 1356 et
852 1319 965 1356 habet
998 1319 1160 1367 capitula
1196 1319 1276 1355 tria.
1341 1319 1383 1354 ln
1416 1319 1536 1366 primo
1567 1320 1834 1356 consideratur
1864 1330 1908 1355 an

621 1378 760 1425 species
793 1376 842 1413 sit
874 1388 1007 1424 corpus
1039 1377 1225 1420 veraciter,
1258 1377 1352 1413 sicut
1385 1376 1489 1412 multi
1523 1383 1746 1422 posuerunt.
1799 1376 1909 1424 Quod

621 1446 709 1471 vero
742 1445 816 1470 non
848 1435 898 1471 sit
929 1445 1062 1481 corpus
1095 1435 1275 1481 probatur
1310 1445 1377 1481 per
1410 1433 1492 1477 hoc,
1526 1434 1629 1480 quod
1662 1445 1743 1470 non
1777 1434 1908 1470 dividit

622 1491 738 1528 latera
762 1492 982 1528 continentis
1007 1492 1128 1536 medii,
1143 1491 1244 1538 quod
1269 1497 1325 1527 est
1348 1490 1468 1528 locum
1493 1491 1541 1530 in,
1554 1491 1632 1527 alio
1645 1502 1854 1538 occupare,
1868 1497 1908 1527 ut

622 1561 751 1586 omnes
771 1550 900 1586 sciunt.
953 1549 1005 1586 Et
1021 1550 1106 1586 ideo
1122 1550 1153 1585 si
1178 1550 1320 1596 species
1344 1555 1441 1585 esset
1466 1560 1598 1595 corpus
1623 1550 1832 1588 secundum
1857 1561 1906 1592 se,

622 1613 746 1643 essent
769 1607 845 1643 duo
869 1606 1169 1653 corporasimul,
1186 1607 1286 1653 quod
1313 1618 1387 1643 non
1411 1612 1468 1642 est
1492 1606 1677 1653 possibile.
1732 1607 1787 1643 Et
1803 1607 1907 1642 Aris-

624 1665 757 1701 toteles
782 1665 872 1701 dicit
892 1665 1001 1700 tertio
1027 1664 1307 1710 Metaphysicae
1319 1665 1344 1706 ²,
1367 1665 1469 1710 quod
1498 1675 1654 1712 corpora
1682 1675 1768 1700 esse
1801 1664 1907 1700 simul

623 1721 799 1758 verificari
817 1732 892 1757 non
908 1727 1032 1768 potest
1055 1722 1104 1757 de
1127 1721 1354 1758 naturalibus
1378 1733 1444 1757 nec
1468 1722 1517 1757 de
1542 1722 1817 1759 mathematicis
1841 1733 1908 1758 nec

624 1780 672 1816 de
688 1778 939 1826 spiritualibus
955 1780 1182 1824 corporibus.
1219 1779 1270 1814 Et
1282 1784 1415 1825 quarto
1433 1779 1673 1824 Physicorum
1687 1779 1792 1823 dicit,
1808 1781 1908 1826 quod

623 1837 803 1873 dimensio
830 1837 1030 1883 corporalis
1058 1838 1148 1873 dato
1172 1848 1290 1873 vacuo
1323 1848 1397 1873 non
1430 1842 1551 1883 potest
1582 1836 1694 1879 aliam
1728 1838 1909 1874 sustinere

623 1906 761 1938 secum,
778 1899 816 1930 et
833 1894 918 1931 ideo
938 1895 1060 1940 posito
1077 1906 1193 1930 vacuo
1212 1894 1350 1930 nullum
1366 1906 1499 1942 corpus
1516 1894 1712 1940 recipietur
1733 1895 1772 1931 in
1794 1907 1852 1938 eo,
1869 1902 1910 1931 ut

626 1953 705 1999 ipse
721 1950 876 1997 vult'ibi,
892 1953 979 1999 quia
998 1963 1072 1989 non
1090 1953 1262 1988 cederent
1279 1953 1523 1988 dimensiones
1538 1953 1642 1988 vacui
1666 1953 1909 1990 dimensioni-

625 2011 695 2046 bus
727 2011 889 2057 corporis
915 2010 1152 2052 advenientis,
1177 2022 1223 2045 eo
1247 2011 1347 2056 quod
1372 2010 1408 2045 in
1433 2021 1548 2046 vacuo
1573 2009 1672 2046 nulla
1695 2017 1755 2047 oet
1781 2017 1911 2047 natura

625 2078 722 2115 quae
746 2068 862 2111 cedat,
878 2079 963 2103 cum
987 2079 1054 2104 nec
1078 2068 1213 2104 habeat
1240 2068 1442 2110 mollitiem,
1467 2079 1535 2103 nec
1559 2067 1669 2103 aliam
1696 2069 1910 2114 passionem

626 2124 841 2168 naturalem,
857 2136 924 2160 nee
940 2136 1005 2160 sua
1023 2125 1204 2161 dimensio
1220 2131 1324 2161 stans
1341 2125 1417 2161 fixa
1434 2125 1469 2160 in
1487 2125 1568 2161 loco
1589 2136 1657 2160 suo
1677 2127 1913 2171 permitteret

626 2182 737 2218 aliam
755 2183 874 2229 recipi,
892 2188 932 2218 ut
948 2183 1046 2225 dicit,
1062 2183 1147 2229 quia
1169 2182 1350 2219 dimensio
1366 2184 1472 2219 vacui
1494 2182 1607 2218 habet
1629 2183 1732 2218 unde
1756 2183 1913 2230 impleat

627 2240 759 2276 locum.
804 2240 977 2287 Repletio
994 2240 1092 2276 enim
1109 2240 1180 2276 loci
1198 2246 1254 2276 est
1272 2252 1338 2286 per
1353 2241 1486 2276 trinam
1502 2240 1781 2284 dimensionem,
1798 2253 1912 2287 quam

626 2298 809 2333 dederunt
829 2297 1038 2344 philosophi
1063 2309 1179 2334 vacuo
1203 2298 1390 2342 veraciter,
1407 2303 1448 2333 ut
1473 2298 1772 2334 aestimaverunt.
1827 2299 1913 2334 Non

628 2355 725 2390 enim
743 2361 799 2391 est
822 2354 976 2401 repletio
996 2355 1099 2390 vacui
1125 2367 1191 2402 per
1214 2355 1371 2392 calidum
1397 2361 1434 2391 et
1461 2355 1642 2401 frigidum,
1659 2366 1729 2391 nec
1745 2355 1912 2402 aliquam

628 2412 738 2448 aliam
768 2413 975 2459 passionem
1006 2413 1220 2457 naturalem,
1244 2414 1309 2449 sed
1342 2413 1462 2449 solum
1500 2424 1565 2460 per
1596 2413 1730 2449 trinam
1765 2414 1914 2450 dimen-

664 2506 672 2522 ¹
693 2505 758 2535 Met.
773 2506 801 2533 ii.
815 2515 842 2541 5,
858 2508 873 2540 ς
888 2515 922 2535 ιο
935 2507 1001 2534 ὅταν
1012 2506 1066 2542 γὰρ
1081 2506 1198 2543 ἅπτηται
1214 2506 1232 2541 ἡ
1248 2507 1379 2542 διαιρῆται
1392 2506 1429 2534 τὰ
1443 2506 1562 2541 cimam,
1576 2505 1630 2541 ἅμα
1641 2506 1689 2534 δή
1703 2506 1757 2541 μὲν
1768 2507 1818 2541 μὴ
1829 2507 1914 2536 ὀπτο-

627 2549 726 2584 μένων,
738 2549 785 2577 ὁτὲ
805 2550 833 2578 δὲ
853 2549 901 2577 δύο
919 2550 1105 2585 διαιρουμένων
1123 2550 1274 2587 γίγνονται.
1311 2551 1355 2579 Cf.
1370 2551 1413 2578 De
1430 2551 1550 2584 Anima,
1563 2550 1609 2577 lib.
1625 2550 1654 2578 ii.
1670 2558 1696 2584 7,
1709 2552 1726 2583 5
1741 2559 1759 2578 2
1778 2551 1841 2579 ⁰6⁸³
1861 2551 1914 2587 γὰρ

628 2593 676 2621 δύο
693 2594 806 2627 σώματα
822 2593 878 2628 ἅμα
898 2594 1012 2621 θνητὸν
1031 2595 1060 2622 δν
1076 2595 1115 2630 τῷ
1132 2594 1206 2630 αὐτᾷ
1224 2593 1299 2622 εἶναι.
1336 2594 1399 2622 The
1418 2594 1498 2630 point
1516 2602 1549 2622 ns
1568 2598 1599 2621 to
1617 2594 1667 2621 the
1685 2594 1870 2623 dimensium
1882 2595 1920 2623 os

627 2646 644 2664 ι
664 2646 783 2664 vaenum
801 2639 825 2664 is
842 2637 989 2665 discussed
1005 2637 1034 2665 in
1051 2637 1153 2666 natur.
1170 2638 1300 2666 Aust-ult.
1317 2638 1353 2666 iv.
1365 2639 1392 2672 8,
1407 2641 1422 2671 ς
1434 2646 1475 2672 13,
1488 2637 1539 2665 but
1558 2638 1608 2666 the
1624 2637 1796 2666 conclusion
1809 2639 1913 2667 drawn

627 2682 652 2709 is
664 2681 825 2708 somewhat
837 2681 970 2709 different
983 2681 1055 2708 from
1070 2682 1203 2709 Bacen’s.
