2350 3580
854 339 1976 551 -

590 737 660 772 232
830 727 1002 761 OPERIS
1030 726 1241 767 MAJORJS
1267 726 1394 760 PARS
1421 725 1642 760 SEPTIMA.

593 829 757 864 persona.
808 817 859 853 Et
883 828 968 853 cum
992 818 1065 854 hoc
1089 817 1253 864 genitum
1280 816 1416 853 habeat
1441 816 1645 864 potentiam
1676 815 1875 857 infinitam,

593 886 677 911 cum
704 875 752 911 sit
778 875 917 911 bonum
946 874 1141 918 infinitum,
1166 879 1292 921 potest
1316 875 1521 921 producere
1544 872 1747 911 infinitum:
1779 883 1874 919 ergo

595 938 719 979 potest
737 931 772 968 in
786 931 797 952 ¹
815 931 924 968 aliam
942 943 1148 978 personam.
1199 931 1279 967 Aut
1293 938 1381 968 tunc
1399 942 1487 978 ergo
1504 932 1657 967 eandem
1674 941 1871 978 personam

595 989 761 1037 producit
789 989 919 1031 Pater:
946 995 983 1026 et
1007 990 1077 1026 erit
1101 995 1188 1026 tunc
1214 989 1374 1035 Spiritus
1395 990 1445 1024 ab
1468 995 1626 1034 utroque
1648 989 1874 1034 procedens;

595 1053 658 1082 aut
684 1047 801 1082 solum
828 1059 850 1082 a
878 1047 968 1082 Filio
999 1047 1243 1093 producetur3
1279 1052 1315 1082 et
1345 1053 1435 1082 tunc
1462 1058 1535 1083 non
1565 1047 1736 1082 attinebit
1763 1045 1874 1089 Patri,

595 1116 661 1140 uec
684 1104 750 1140 erit
777 1105 885 1150 plena
906 1105 1141 1150 germanitas,
1158 1109 1196 1140 et
1221 1110 1308 1140 tune
1329 1114 1403 1140 non
1432 1106 1502 1140 erit
1524 1104 1634 1150 plena
1653 1103 1873 1139 convenien-

595 1161 648 1198 tia
673 1161 710 1197 in
738 1161 892 1203 Divinis,
917 1162 1017 1208 quod
1043 1167 1099 1197 est
1125 1166 1255 1198 contra
1282 1163 1472 1198 rationem.
1523 1161 1618 1197 Item
1642 1172 1708 1197 nec
1736 1161 1874 1206 paritas

595 1220 732 1255 amoris
766 1224 888 1264 potest
916 1231 1005 1259 esse,
1030 1221 1232 1254 secundum
1254 1209 1326 1254 hoc
1347 1220 1432 1264 quia
1459 1220 1569 1255 Pater
1594 1219 1679 1265 plus
1704 1219 1875 1264 diligeret

598 1276 741 1320 Filium,
758 1288 870 1323 quam
890 1275 1065 1322 Spiritum
1094 1276 1285 1320 Sanctum,
1302 1277 1387 1322 quia
1410 1283 1562 1323 generat
1583 1275 1727 1320 Filium,
1745 1281 1784 1312 et
1803 1287 1873 1314 non

596 1333 764 1380 producit
795 1333 974 1380 Spiritum
999 1333 1190 1370 Sanctum.
1242 1333 1316 1370 Sed
1347 1345 1432 1370 cum
1458 1333 1618 1381 Spiritus
1639 1333 1801 1369 Sanctus
1827 1333 1876 1369 sit

598 1391 710 1434 Deus,
724 1391 811 1436 quia
827 1390 939 1426 habet
958 1392 1152 1426 essentiam
1172 1391 1347 1434 divinam,
1363 1398 1509 1439 oportet
1525 1392 1624 1437 quod
1643 1392 1676 1426 ei
1695 1391 1876 1426 debeatur

597 1460 701 1484 amor
726 1447 909 1491 infinitus;
944 1454 981 1483 et
1014 1448 1097 1484 ideo
1132 1447 1276 1484 infinito
1303 1460 1427 1484 amore
1455 1448 1563 1490 Pater
1586 1448 1727 1484 amabit
1754 1449 1875 1494 ipsum

597 1506 690 1541 sicut
737 1505 881 1542 Filium.
949 1505 999 1541 Et
1048 1505 1159 1541 etiarn
1203 1506 1290 1552 quia
1332 1517 1436 1542 amor
1478 1505 1595 1542 Patris
1635 1516 1709 1542 non
1752 1510 1875 1552 potest

598 1574 679 1598 esse
705 1563 772 1597 nisi
799 1562 970 1607 infinitus,
997 1563 1081 1608 quia
1114 1563 1196 1608 ejus
1230 1574 1334 1598 amor
1359 1570 1414 1598 est
1439 1565 1643 1599 secundum
1677 1573 1783 1598 suam
1808 1574 1876 1610 po-

599 1621 761 1664 tentiam,
787 1620 1003 1666 relinquitur
1034 1631 1122 1666 ergo
1145 1622 1249 1665 quod
1279 1626 1403 1656 tantus
1439 1621 1506 1655 erit
1538 1632 1645 1656 amor
1678 1621 1797 1655 Patris
1827 1621 1876 1655 ad

599 1676 777 1723 Spiritum
812 1676 990 1713 Sanctum
1023 1677 1121 1713 sicut
1154 1676 1239 1712 Filii
1272 1678 1320 1713 ad
1352 1678 1521 1714 eundem.
1572 1677 1697 1724 Quare
1729 1682 1876 1723 oportet

598 1735 699 1782 quod
724 1746 746 1770 a
772 1734 880 1769 Patre
902 1735 1128 1781 producatur
1150 1740 1228 1769 tam
1253 1735 1412 1782 Spiritus
1434 1735 1592 1772 Sanctus
1612 1746 1725 1782 quarn
1753 1735 1876 1770 Filius.

599 1792 711 1838 Quod
737 1798 861 1827 autem
888 1804 963 1827 non
987 1793 1059 1827 sint
1086 1803 1152 1828 nec
1179 1794 1320 1837 possint
1345 1804 1425 1828 esse
1451 1793 1574 1838 plures
1598 1804 1778 1838 personae
1803 1804 1876 1828 non

599 1857 721 1897 potest
752 1850 810 1886 hie
830 1862 897 1886 nec
918 1850 1028 1886 debet
1054 1851 1241 1894 declarari,
1265 1851 1331 1886 sed
1356 1852 1525 1896 supponi,
1548 1863 1663 1896 usque
1683 1852 1718 1886 in
1745 1856 1877 1897 quarta

599 1913 703 1954 parte
744 1907 852 1954 hujus
883 1907 1056 1944 scientiae
1097 1908 1283 1953 probetur,
1324 1908 1383 1944 cui
1425 1909 1645 1944 attribuetur
1685 1908 1879 1955 plenitudo

599 1965 852 2012 persuasionis
903 1965 1123 2000 Trinitatem
1148 1976 1236 2000 vero
1261 1976 1512 2010 personarum,
1535 1966 1672 2002 scilicet
1696 1966 1816 2001 Patris
1839 1971 1878 2002 et

602 2024 685 2058 Filii
712 2029 750 2058 et
779 2023 934 2069 Spiritus
963 2023 1090 2058 Sancti
1119 2024 1363 2058 necessarium
1392 2023 1456 2058 fuit
1485 2024 1546 2058 hic
1574 2024 1719 2069 probari
1746 2030 1784 2059 et
1812 2034 1878 2059 ex·

600 2080 699 2126 poni,
721 2080 808 2126 quia
828 2086 884 2115 est
910 2079 1068 2116 radicale
1087 2079 1370 2116 fundamentum
1395 2080 1432 2116 in
1461 2080 1530 2116 hac
1550 2080 1701 2116 scientia
1727 2086 1880 2127 propter

599 2137 739 2174 cultum
775 2137 937 2174 divinum
971 2136 1236 2173 statuendum²
1265 2142 1303 2174 et
1332 2144 1483 2185 propter
1514 2138 1587 2174 aIIa
1618 2138 1745 2174 multa.
1798 2138 1878 2173 Nec

601 2199 747 2240 oportet
764 2194 913 2240 allegari
932 2195 968 2230 in
994 2196 1215 2231 contrarium
1241 2196 1341 2241 quod
1365 2195 1463 2231 nulla
1486 2195 1638 2231 scientia
1661 2194 1773 2231 habet
1794 2207 1879 2241 pro-

600 2252 688 2288 bare
721 2263 788 2288 sua
814 2252 999 2298 principia.
1050 2252 1149 2288 Nam
1185 2252 1255 2289 hoc
1288 2253 1478 2298 quomodo
1510 2259 1566 2288 est
1601 2252 1879 2299 intelligendum

599 2309 721 2355 patuit
746 2310 924 2356 superius
974 2310 1131 2347 Caetera
1154 2322 1243 2346 vero
1268 2321 1364 2356 quae
1387 2314 1544 2356 possunt
1567 2311 1617 2344 de
1643 2310 1727 2345 Deo
1752 2310 1879 2356 quaeri

599 2373 637 2402 et
655 2367 691 2402 in
710 2367 843 2413 quibus
861 2368 971 2403 debet
986 2379 1064 2403 esse
1085 2368 1270 2403 dubitatio
1296 2367 1505 2413 probabilis,
1523 2375 1608 2403 sunt
1629 2367 1880 2403 conclusiones

601 2424 719 2470 partis
735 2430 897 2470 quartae,
917 2430 952 2460 et
970 2426 1053 2460 ideo
1070 2425 1120 2460 ihi
1141 2425 1492 2461 determinabuntur.

417 2484 559 2512 Forecuts
651 2481 737 2516 Non
755 2481 875 2517 solum
892 2493 979 2518 vero
997 2482 1108 2518 locuti
1125 2488 1210 2519 sunt
1228 2481 1438 2529 philosophi
1456 2483 1503 2518 de
1522 2482 1603 2518 Deo
1622 2481 1802 2524 absolute,
1815 2483 1879 2518 sed

415 2521 566 2585 ἓξὲᾅῑὶἓ,
601 2540 650 2575 de
676 2539 759 2574 Deo
786 2539 972 2574 incarnato
999 2540 1062 2584 qui
1088 2546 1143 2575 est
1169 2540 1341 2575 dominus
1365 2539 1474 2584 jesus
1501 2540 1676 2585 Christus,
1694 2547 1733 2575 et
1757 2540 1805 2576 de
1829 2541 1880 2576 eis

601 2606 699 2642 quae
732 2597 781 2632 ad
817 2597 934 2642 ipsum
970 2597 1161 2642 pertinent.
1214 2598 1311 2632 Nam
1347 2598 1556 2643 hujusmodi
1591 2598 1763 2633 veritates
1797 2604 1881 2633 sunt

606 2653 830 2690 necessariae
855 2653 1014 2689 humano
1039 2654 1172 2701 generi,
1192 2661 1228 2690 et
1254 2666 1327 2690 non
1354 2660 1409 2691 est
1434 2656 1532 2691 salus
1556 2654 1694 2690 homini
1723 2655 1791 2690 nisi
1817 2665 1883 2701 per

605 2712 775 2746 notitiam
799 2711 952 2746 istarum
970 2712 1175 2746 veritatum.
1231 2712 1281 2746 Et
1301 2713 1383 2747 ideo
1406 2713 1570 2759 oportuit
1592 2713 1692 2757 quod
1709 2713 1883 2746 omnibus

603 2769 785 2804 salvandis
801 2780 824 2804 a
841 2769 1021 2814 principio
1039 2770 1165 2805 mundi
1184 2775 1308 2804 essent
1325 2769 1534 2815 hujusmodi
1558 2771 1733 2804 veritates
1759 2776 1879 2809 notae.

604 2833 781 2872 quantum
801 2825 932 2862 sufficit
950 2826 1070 2862 saluti.
1123 2826 1205 2863 Hoc
1230 2827 1312 2862 dico
1337 2833 1486 2874 propter
1510 2827 1578 2862 hoc
1601 2826 1700 2873 quod
1727 2828 1879 2873 quidam

639 2948 646 2964 ¹
666 2949 706 2981 in,
719 2958 776 2976 om.
790 2948 828 2977 M.
1375 2948 1385 2964 ²
1404 2951 1594 2981 statuendum,
1608 2958 1663 2976 om.
1678 2948 1712 2976 D.
1727 2954 1756 2976 et
1770 2951 1806 2977 Ο.
