2350 3580
639 680 857 716 nouus
883 681 1234 716 Pmmsot’mA:
1271 681 1400 716 PARS
1425 681 1631 728 quanm.
1706 690 1774 726 3⁷3

501 768 721 809 Christiana.
771 771 957 819 Quoniam
982 777 1047 808 aut
1071 783 1138 820 per
1154 771 1343 817 miracula,
1359 783 1455 820 quae
1473 777 1559 808 sunt
1575 784 1686 820 supra
1702 784 1770 809 nos
1785 782 1856 812 ‘ruo
1866 790 1944 819 ways

497 834 539 865 et
563 839 675 877 supra
696 828 872 872 infideles,
892 830 941 866 de
964 840 1039 877 qua
1054 830 1114 867 via
1137 829 1259 866 nullus
1280 834 1409 877 potest.
1426 840 1683 877 praesumere;
1707 836 1774 867 aut
1787 819 1959 884 ffiff‘fffifflge

498 897 568 932 per
582 887 681 924 viam
697 898 932 923 communem
950 888 1001 923 eis
1017 892 1057 923 et
1073 887 1190 930 nobis,
1202 898 1299 935 quae
1314 892 1370 923 est
1387 888 1424 923 in
1441 892 1626 934 potestate
1638 893 1772 930 nostra,
1787 861 1933 921 cuffin-

498 947 539 980 et
561 955 675 991 quam
701 955 777 981 non
800 950 957 992 possunt
981 957 1124 992 negare,
1159 945 1245 991 quia
1271 946 1374 981 vadit
1399 957 1463 991 per
1485 945 1565 981 vias
1589 945 1774 981 humanae
1787 928 1936 992 12⁵2&OE

498 1001 651 1038 rationis
679 1007 718 1039 et
746 1013 812 1048 per
835 1001 914 1038 vias
950 1001 1225 1050 philosophiae;
1265 1013 1362 1049 quae
1394 1003 1505 1038 etiam
1541 1003 1687 1050 propria
1716 1009 1773 1040 est
1787 1000 1947 1045 ugdphilo-

497 1058 730 1103 infidelibus;
756 1060 931 1106 quoniam
954 1061 1003 1096 ab
1021 1060 1074 1097 eis
1092 1066 1213 1097 totam
1235 1060 1416 1097 habemus
1434 1058 1717 1111 philosophiam,
1734 1067 1772 1098 et
1787 1037 1884 1073 ’φη

498 1128 575 1154 nou
603 1118 684 1153 sine
708 1128 820 1153 causa
844 1117 1019 1159 maxima,
1044 1123 1227 1163 quatenus
1252 1129 1319 1153 nos
1344 1129 1410 1165 pro
1440 1118 1547 1153 nobis
1572 1117 1772 1154 habeamus

497 1173 818 1212 confirmationem
835 1174 919 1212 fidei
937 1182 1094 1219 nostrae,
1110 1181 1148 1212 et
1172 1181 1213 1211 ut
1234 1187 1301 1222 pro
1323 1175 1442 1212 salute
1462 1174 1666 1212 infidelium
1687 1187 1773 1223 pos-

496 1232 613 1270 simus
630 1232 828 1270 efficaciter
848 1244 1026 1280 perorare.
1078 1233 1157 1270 Nec
1183 1239 1330 1281 oportet
1354 1233 1465 1280 objici
1487 1232 1576 1270 illud
1603 1233 1773 1281 Gregorii

497 1291 599 1336 quod
615 1290 707 1327 fides
723 1302 797 1328 non
810 1291 921 1327 habet
938 1291 1072 1333 locum,
1084 1291 1148 1326 ubi
1166 1291 1330 1327 humana
1346 1292 1440 1328 ratio
1456 1292 1609 1338 praebet
1625 1292 1773 1339 experi-

498 1354 663 1384 mentum
675 1347 700 1384 ¹.
751 1349 850 1385 Nam
871 1349 942 1384 hoc
961 1355 1019 1384 est
1036 1349 1315 1394 intelligendum
1333 1349 1397 1385 ubi
1413 1349 1527 1384 homo
1545 1349 1772 1385 Christianus

497 1405 619 1443 solum
636 1406 849 1443 inniteretur
864 1405 1045 1442 humanae
1062 1406 1194 1443 rationi
1212 1412 1276 1442 aut
1293 1405 1551 1454 principaliter.
1602 1405 1675 1443 Sed
1701 1406 1772 1442 hoc.

497 1475 574 1501 non
588 1463 702 1501 debet
719 1463 796 1500 fieri
810 1478 819 1499 :
846 1465 960 1501 immo
977 1464 1200 1501 credendum
1219 1470 1276 1501 est
1296 1464 1485 1501 Ecclesiae
1505 1470 1543 1500 et
1561 1463 1772 1511 Scripturae

497 1516 536 1558 et
555 1521 701 1558 Sanctis
717 1528 755 1558 et
775 1522 986 1558 doctoribus
1003 1523 1203 1558 Catholicis
1219 1527 1255 1558 et
1273 1522 1343 1558 hoc
1360 1521 1616 1570 principaliter.

548 1578 624 1617 Sed
645 1581 681 1616 in
699 1580 872 1616 solatium
897 1579 1081 1616 humanae
1098 1580 1312 1626 fragilitatis,
1332 1585 1514 1627 quatenus
1532 1581 1627 1616 vitet
1648 1585 1772 1616 tenta-
1789 1590 1867 1618 With
1880 1590 1927 1618 the

497 1638 618 1675 tiones
641 1648 821 1681 errorum,
845 1637 937 1673 utile
961 1644 1017 1674 est
1039 1637 1249 1674 Christiano
1271 1638 1405 1673 habere
1426 1637 1585 1674 rationes
1605 1637 1769 1674 efficaces
1783 1626 1952 1699 m,

497 1706 626 1732 eorum
650 1706 747 1742 quae
771 1695 897 1738 credit,
915 1701 953 1731 et
978 1696 1089 1732 debet
1111 1695 1245 1732 habere
1273 1696 1449 1731 rationem
1476 1706 1564 1730 suae
1589 1694 1674 1730 fidei
1702 1706 1771 1742 pro
1787 1704 1858 1727 must
1874 1702 1907 1726 be

497 1764 609 1790 causa
625 1754 724 1789 omni
741 1753 938 1800 requirenti
954 1765 1048 1794 eam,
1065 1753 1159 1789 sicut
1181 1754 1290 1789 docet
1310 1754 1441 1788 beatus
1462 1753 1589 1788 Petrus
1607 1753 1644 1788 in
1663 1753 1772 1799 Epis·
1786 1735 1931 1800 aalma!

498 1811 575 1847 tola
594 1811 720 1858 prima,
740 1811 876 1853 dicens,
894 1811 1097 1847 Dominum
1119 1817 1243 1847 autem
1264 1810 1453 1862 Christum
1478 1810 1707 1846 sanctificate
1735 1811 1773 1846 in

497 1869 669 1905 cordibus
684 1869 825 1911 vestris,
838 1870 957 1916 parati
972 1879 1118 1916 semper
1134 1869 1179 1905 ad
1192 1868 1478 1906 satisfactionem
1492 1868 1594 1905 omni
1607 1869 1773 1914 poscenti

497 1937 566 1963 vos
589 1918 743 1963 reddere
772 1927 952 1961 rationem
978 1927 1026 1963 de
1058 1937 1101 1963 ea
1125 1937 1221 1973 quae
1254 1932 1311 1963 est
1336 1926 1372 1961 in
1388 1925 1494 1963 vobis
1527 1925 1598 1961 fide
1625 1932 1663 1960 et
1694 1937 1771 1972 spe.

498 1984 576 2021 Sed
600 1994 675 2020 non
699 1994 895 2030 pomumus
919 1983 979 2020 hic
1002 1995 1154 2030 arguere
1181 1995 1248 2030 per
1270 1984 1390 2030 legem
1416 1989 1592 2026 nostram,
1618 1995 1686 2019 nec
1706 1995 1773 2030 per

497 2040 735 2079 auctoritates
781 2040 1008 2085 Sanctorum,
1050 2040 1135 2087 quia
1185 2039 1351 2076 infideles
1399 2047 1538 2088 negant
1585 2039 1769 2077 Christum

499 2098 704 2141 Dominum
728 2104 766 2135 et
799 2098 917 2145 legem
942 2109 1046 2135 suam
1082 2105 1120 2134 et
1151 2105 1309 2134 sanctos.
1360 2098 1596 2145 Quapropter
1625 2104 1774 2145 oportet

497 2167 672 2204 quaerere
701 2156 861 2192 rationes
885 2167 950 2203 per
974 2156 1129 2192 alteram
1154 2157 1263 2199 viam,
1288 2162 1326 2192 et
1359 2156 1450 2192 haec
1483 2162 1537 2191 est
1565 2157 1774 2192 communis

498 2215 606 2251 nobis
629 2219 667 2250 et
684 2212 901 2257 infidelibus,
919 2213 1057 2250 scilieet
1083 2213 1327 2261 philosophia.
1381 2213 1455 2249 Sed
1473 2219 1638 2259 potestas
1655 2213 1773 2260 philo—

497 2271 652 2324 sophiae
685 2271 722 2308 in
754 2271 823 2308 hac
848 2278 952 2318 parte
977 2272 1141 2307 maxime
1164 2271 1339 2308 convenit
1367 2282 1452 2307 cum
1483 2266 1663 2318 sapientia
1688 2271 1772 2315 Dei,

499 2330 616 2367 immo
633 2335 689 2364 est
703 2330 900 2376 vestigium
923 2330 1123 2376 sapientiae
1145 2329 1443 2364 divinae'datum
1467 2340 1490 2363 a
1515 2329 1597 2364 Deo
1621 2328 1772 2373 homini,

498 2395 540 2424 ut
568 2399 636 2435 per
663 2387 735 2423 hoe
760 2387 954 2433 vestigium
980 2387 1162 2422 excitetur
1195 2387 1243 2422 ad
1280 2387 1421 2422 divinas
1456 2387 1639 2422 veritates.
1693 2387 1773 2422 Nec

498 2447 573 2483 ista
601 2451 690 2482 sunt
721 2444 870 2492 propria
894 2443 1148 2491 philosophiae
1172 2444 1239 2480 sed
1265 2444 1475 2480 communia
1501 2443 1708 2490 theologiae
1734 2450 1773 2480 et

497 2503 764 2553 philosophiae,
790 2502 959 2539 fidelibus
986 2509 1023 2538 et
1050 2502 1265 2546 infidelibus,
1290 2513 1312 2538 a
1336 2502 1419 2538 Deo
1443 2502 1531 2539 data
1552 2508 1590 2538 et
1614 2502 1772 2539 revelata

497 2574 521 2599 a
534 2560 772 2610 philosophis,
786 2564 966 2606 quatenus
979 2571 1094 2606 genus
1108 2560 1308 2596 humanum
1323 2565 1558 2606 praeparetur
1572 2560 1619 2595 ad
1629 2560 1773 2596 divinas

497 2620 672 2657 veritates
695 2617 883 2664 speciales.
935 2617 985 2653 Et
1010 2619 1170 2654 rationes
1194 2618 1241 2654 de
1261 2618 1396 2664 quibus
1425 2618 1565 2664 loquor,
1590 2629 1663 2654 ‘uon
1687 2625 1774 2654 sunt

497 2677 640 2715 alienae
655 2686 679 2712 a
695 2674 779 2719 fide„
796 2685 863 2711 nec
883 2680 988 2711 extra
1011 2675 1190 2721 principia
1216 2674 1310 2719 fidei,
1327 2674 1390 2711 sed
1415 2686 1464 2710 ex
1490 2674 1672 2711 radicibus
1694 2676 1774 2722 ejus

497 2739 682 2777 anunm,
698 2733 792 2770 sicut
810 2733 1041 2770 manifestum
1057 2740 1113 2770 est
1130 2745 1180 2769 ex
1196 2733 1372 2770 dicendis.

549 2793 699 2830 Possem
717 2802 803 2827 vero
821 2802 957 2838 ponere
973 2791 1051 2826 vias
1063 2791 1249 2837 simplices
1261 2798 1299 2827 et
1319 2792 1427 2826 rudes
1443 2791 1555 2838 vulgo
1570 2790 1771 2827 infidelium
1788 2799 1958 2864 3:353!

532 2883 544 2902 ⁸
562 2882 692 2918 &ulnas
707 2881 860 2918 (sm
870 2882 980 2915 ΡΗιικι,
992 2881 1110 2916 Quae-t.
1127 2889 1151 2915 ι,
1166 2885 1220 2909 art.
1233 2881 1264 2916 8)
1281 2885 1385 2916 quotes
1399 2882 1448 2908 uae
1466 2888 1545 2908 nme
1564 2882 1687 2917 pan-agie
1702 2880 1773 2908 fron

494 2927 640 2963 (ὅπως,
650 2926 708 2954 aad
720 2926 801 2953 deal·
812 2925 884 2953 with
897 2926 919 2954 it
932 2926 960 2953 in
973 2935 991 2953 ι
1003 2925 1110 2953 similar
1120 2933 1196 2960 way.
