2350 3580
596 749 666 785 242
831 739 1005 774 OPERIS
1030 738 1241 779 MAJoRIS
1266 738 1394 771 PARS
1420 736 1640 772 SEPTIMA.

585 836 685 887 post
710 830 828 868 multa
857 830 1051 875 concludit,
1080 828 1223 866 Nostra
1254 828 1449 875 dispositio
1473 839 1561 875 erga
1594 827 1656 866 illa
1688 832 1747 866 est
1777 826 1877 864 sieut

599 889 792 936 dispositio
812 888 908 923 surdi
926 889 988 935 qui
1009 897 1196 935 nunquam
1221 886 1362 922 audivit
1379 886 1414 922 in
1432 897 1496 921 sua
1518 886 1721 932 privatione
1743 885 1877 932 imagi·

599 946 711 982 nandi
728 945 1010 982 delectationem
1028 945 1265 987 armonicam,
1283 955 1367 980 cum
1389 942 1470 991 ipse
1485 944 1532 979 sit
1547 949 1668 980 certus
1684 944 1733 980 de
1746 953 1876 979 amoe-

599 1003 716 1040 nitate
730 1003 819 1049 ejus.
836 1014 882 1040 an
899 1003 960 1045 sit.
979 1013 1041 1039 seu
1060 1002 1150 1049 quid
1168 1001 1225 1038 sit.
1276 1001 1330 1038 Et
1352 1012 1426 1038 non
1447 1001 1565 1038 solum
1592 1000 1797 1038 intellectus
1822 1000 1877 1036 sie

599 1072 640 1097 se
666 1061 779 1097 habet
808 1061 845 1097 in
879 1061 1150 1108 cognoscendo,
1172 1061 1240 1097 sed
1265 1059 1419 1097 affectus
1447 1065 1487 1097 et
1510 1058 1681 1094 voluntas
1708 1058 1745 1094 in
1774 1058 1875 1094 dai·

599 1119 772 1161 derando,
798 1124 837 1154 et
866 1119 1030 1157 amando
1054 1123 1093 1154 et
1117 1118 1299 1164 sapiendo
1331 1128 1394 1152 seu
1425 1117 1612 1162 gustando
1638 1114 1873 1152 dulcedinem

599 1178 698 1212 vitae
712 1181 892 1219 aeternae,
902 1181 943 1211 ut
954 1175 1170 1212 Avicennae
1183 1181 1265 1211 utar
1275 1168 1434 1221 eloquio.
1481 1173 1682 1221 Comparat
1695 1174 1792 1210 enim
1805 1185 1876 1210 nos

599 1233 815 1281 paralytico.
835 1233 892 1269 cui
918 1234 1128 1283 apponatur
1152 1233 1255 1269 cibus
1281 1232 1530 1275 delectabili„
1558 1232 1631 1268 non
1656 1232 1770 1269 sentit
1795 1231 1876 1276 ejus

598 1291 828 1335 suavitatem,
852 1291 970 1326 donec
1001 1296 1149 1327 curetum
1174 1291 1254 1336 ejus
1281 1290 1469 1337 paralysis,
1494 1294 1533 1325 et
1561 1289 1746 1325 auferatur
1774 1289 1876 1325 mala

599 1349 801 1395 dispositio.
850 1349 913 1385 Sic
941 1360 1037 1395 quae
1061 1349 1151 1384 dicit
1176 1345 1258 1384 esse
1283 1348 1319 1384 in
1345 1348 1643 1394 nobissespectu
1672 1347 1876 1384 dulcedini·

599 1407 698 1442 vitae
723 1411 901 1448 aeternae,
920 1412 957 1442 et
981 1412 1132 1453 propter
1155 1411 1316 1452 peccata.
1336 1412 1375 1442 et
1404 1411 1556 1452 propter
1576 1400 1875 1442 communionem

601 1464 762 1510 corporis
786 1463 972 1507 mortalis;
999 1463 1174 1510 peccata¹
1194 1464 1291 1500 enim
1316 1463 1482 1499 inficiunt
1502 1463 1706 1510 appetitum
1729 1463 1875 1499 animae

600 1521 801 1565 rationalis,
817 1526 855 1556 et
877 1521 992 1556 moles
1017 1521 1181 1567 corporis
1203 1526 1390 1567 aggravat.
1443 1521 1554 1556 Unde
1574 1520 1663 1556 dicit
1679 1520 1877 1556 Avioenna

597 1577 795 1625 eleganter,
812 1577 922 1625 Quod
941 1590 1021 1622 nos,
1039 1579 1074 1614 in
1092 1578 1241 1614 saeculo
1259 1585 1383 1615 nostro
1400 1585 1436 1614 et
1454 1577 1525 1613 hoc
1541 1589 1705 1624 corpore,
1716 1577 1876 1614 demersi

599 1647 726 1672 sumus
755 1637 789 1671 in
819 1636 934 1671 multa
954 1636 1083 1683 turpia,
1101 1642 1139 1672 et
1166 1636 1252 1672 ideo
1279 1647 1352 1671 non
1379 1636 1557 1672 sentimus
1585 1634 1683 1670 illam
1713 1635 1875 1672 delecta-

598 1693 748 1738 tionem,
775 1705 857 1728 cum
891 1698 1014 1729 tamen
1048 1694 1148 1741 apud
1176 1705 1243 1729 nos
1274 1693 1381 1729 fuerit
1405 1693 1543 1739 aliquid
1567 1693 1616 1728 de
1641 1693 1759 1728 causis
1784 1692 1875 1738 ejus.

600 1751 649 1787 Et
668 1750 752 1787 ideo
770 1763 843 1786 non
867 1751 1081 1796 inquirimus
1102 1763 1196 1795 eam,
1214 1763 1281 1787 nec
1296 1750 1476 1787 allicimur
1498 1752 1544 1787 ad
1568 1762 1662 1792 eam,
1680 1750 1750 1787 nisi
1771 1751 1876 1797 prius

599 1808 875 1855 deposuerimus
892 1820 914 1844 a
932 1809 1130 1845 cervicibus
1152 1809 1290 1845 nostris
1303 1808 1434 1854 jugum
1452 1807 1652 1854 voluptatis
1676 1814 1712 1844 et
1733 1808 1820 1853 irae,
1836 1814 1876 1846 et

597 1877 739 1901 sorores
761 1877 898 1909 earum,
914 1872 951 1903 et
973 1867 1026 1902 sic
1050 1866 1290 1912 degustemus
1310 1866 1450 1913 aliquid.
1474 1866 1728 1907 delectationis
1754 1866 1874 1910 illius;

597 1928 635 1958 et
668 1924 717 1958 sic
755 1924 914 1959 fortassis
946 1925 1232 1970 imaginabimur
1263 1924 1311 1959 de
1339 1924 1401 1959 illa
1428 1935 1569 1970 parurn,
1601 1929 1776 1970 tanquam
1807 1935 1876 1970 per

599 1980 866 2028 interpositum,
892 1982 977 2026 quia
1004 1981 1125 2016 adhuc
1157 1980 1331 2018 revelatio
1359 1983 1561 2017 necessaria
1587 1988 1653 2017 est⁴
1705 1982 1756 2017 Et
1788 1983 1874 2025 ideo

597 2038 697 2080 dicit,
730 2039 828 2085 quod
862 2044 948 2074 tunc
982 2039 1101 2075 verius
1134 2039 1345 2082 sentiemus,
1376 2039 1570 2086 praecipue
1609 2050 1692 2075 cum
1729 2038 1876 2076 solutae

599 2095 734 2131 fuerint
770 2096 1001 2141 quaestiones
1033 2097 1081 2131 de
1115 2096 1199 2133 Deo
1236 2102 1273 2133 et
1311 2096 1485 2133 felicitate
1521 2102 1558 2132 et
1595 2097 1875 2134 immortalitate

597 2153 800 2188 animarum
839 2159 876 2189 et
917 2154 1174 2190 resurrectione
1214 2166 1432 2200 corporum;
1467 2160 1503 2190 et
1541 2154 1701 2190 revelata
1739 2154 1875 2192 fuerint

597 2210 808 2255 hujusmodi
835 2211 999 2256 quaesita
1026 2211 1170 2247 nobilia.
1223 2211 1339 2256 Tunc,
1355 2219 1396 2249 ut
1422 2211 1610 2248 Avicenna
1634 2212 1736 2256 dicit,
1756 2212 1871 2249 Com-

596 2268 741 2314 paratio
768 2267 872 2302 istius
901 2275 1045 2303 nostrae
1068 2268 1322 2305 delectationis
1352 2270 1399 2305 ad
1431 2269 1530 2305 illam
1558 2275 1721 2305 nostram
1752 2269 1871 2307 delec-

596 2327 775 2360 tationem
810 2327 878 2360 erit
912 2327 1140 2371 comparatio
1172 2324 1427 2362 delectationis
1465 2327 1656 2370 sensibilis,
1685 2339 1781 2373 quae
1815 2333 1873 2364 est

597 2382 775 2418 odorandi
801 2383 934 2418 odores
959 2389 1190 2430 gustatorum
1214 2383 1496 2427 delectabilium,
1514 2383 1561 2420 ad
1587 2384 1872 2421 delectationem

595 2440 812 2476 comedendi
839 2451 892 2476 ea.

417 2508 469 2535 aud
482 2517 581 2537 cause:
644 2497 720 2533 Sed
748 2503 783 2533 et
804 2499 950 2534 animae
972 2499 1165 2544 occupatio
1186 2510 1270 2534 cum
1291 2507 1458 2545 corpore,
1478 2505 1516 2535 ut
1542 2500 1661 2543 infert,
1678 2500 1764 2536 facit
1787 2512 1870 2537 mm

409 2544 528 2616 ffiig'f
595 2555 757 2591 oblivisci
788 2556 843 2591 sui
867 2556 979 2601 ipsius
1003 2561 1039 2591 et
1061 2556 1141 2601 ejus
1163 2557 1265 2601 quod
1285 2568 1410 2592 amare
1434 2558 1570 2599 debet;
1594 2559 1687 2594 sicut
1705 2558 1871 2594 infirmus

408 2618 535 2644 comam.
595 2612 819 2649 obliviscitur
837 2613 914 2659 ejus
932 2614 1030 2659 quod
1050 2624 1143 2660 opus
1161 2620 1217 2649 est
1239 2620 1439 2650 restaurare
1456 2626 1523 2660 pro
1541 2626 1584 2651 eo
1601 2616 1702 2661 quod
1720 2616 1872 2658 resolvi-

595 2674 655 2705 tur
679 2671 726 2706 de
750 2681 805 2705 eo.
857 2670 1110 2705 Substantiam
1137 2671 1235 2705 enim
1261 2671 1482 2722 animaesut
1510 2673 1587 2717 ipse
1612 2673 1709 2716 dicit,
1736 2683 1873 2720 corpus

595 2733 752 2773 occupat
786 2733 823 2763 et
857 2729 975 2763 reddit
1010 2739 1092 2763 earn
1125 2727 1292 2771 stultam,
1319 2734 1356 2763 et
1390 2729 1476 2764 facit
1510 2741 1589 2765 eam
1621 2730 1787 2766 oblivisci
1815 2732 1871 2766 sui

595 2785 730 2832 proprii
751 2785 932 2829 desiderii,
946 2791 983 2820 et
1001 2785 1205 2832 inquirendi
1225 2785 1484 2832 perfectionem
1498 2798 1593 2833 quae
1609 2789 1677 2823 sibi
1692 2790 1870 2835 competit

595 2847 632 2878 et
666 2843 888 2888 percipiendi
922 2842 1203 2879 delectationem
1239 2842 1472 2890 perfectionis
1501 2855 1598 2881 suae.
1652 2845 1736 2881 Non
1769 2846 1870 2893 quod

594 2901 717 2936 anima
737 2902 785 2936 ,sit
812 2902 988 2946 impressa
1009 2901 1164 2947 corpori,
1183 2905 1219 2936 et
1243 2902 1435 2937 immersa:
1461 2903 1525 2938 sed
1550 2903 1636 2948 quia
1661 2902 1788 2951 ligatio
1814 2908 1871 2940 est

956 2966 963 2982 ¹
985 2972 1100 3001 pet-cau
1113 2988 1120 2995 .
1137 2987 1143 2994 .
1161 2988 1168 2994 ι
1183 2967 1341 3002 rationalis,
1356 2976 1412 2995 om.
1431 2967 1468 2996 Μ.
