2350 3580
592 714 662 750 394
827 707 1001 741 OPERIS
1026 707 1236 748 mvoms
1262 707 1391 742 PARS
1414 708 1636 744 SEPHMA.

594 795 796 842 corporalia
818 797 883 832 sed
910 798 1113 843 spiritualia
1145 799 1345 835 secundum
1380 799 1625 836 conscientias
1653 797 1869 839 hominum:

595 858 634 889 et
650 864 723 888 non
746 852 866 890 solum
883 856 1092 900 prae-entia
1112 857 1179 892 sed
1199 857 1396 901 praeterita
1414 861 1452 892 et
1466 856 1601 899 sutura,
1616 855 1715 902 pleni
1737 855 1869 901 spiritu

595 910 822 958 prophetico,
852 911 947 948 sicut
978 912 1150 950 historiae
1181 912 1472 949 Christianorum
1505 918 1656 949 narrant
1688 911 1870 948 infinitio&

595 967 724 1004 Tertia
746 969 908 1004 conditio
937 969 1005 1006 fuit
1034 970 1201 1015 potentia
1225 970 1483 1007 miraculorum
1514 968 1765 1006 inmari-abilis
1796 979 1872 1014 qua

595 1026 750 1072 praediti
775 1031 860 1062 sunt
883 1027 933 1062 illi
954 1028 1082 1063 sancti.
1132 1027 1210 1064 Sed
1228 1027 1481 1073 Alpharabius
1496 1028 1586 1064 dicit
1602 1027 1703 1073 quod
1722 1032 1872 1073 propter

598 1082 771 1120 miracula
788 1085 1012 1120 credendum
1030 1090 1097 1120 eet.
1148 1085 1223 1121 Hie
1239 1086 1336 1121 enim
1353 1090 1410 1121 est
1427 1086 1521 1121 aiter
1538 1086 1669 1121 modus
1692 1083 1871 1130 probandi

597 1146 747 1182 sectam,
772 1141 911 1178 seilicet
937 1152 1001 1187 per
1026 1141 1212 1185 miracula,
1236 1141 1347 1188 Quem
1373 1141 1487 1189 ponit.
1537 1142 1681 1188 Quarta
1709 1141 1874 1178 conditio

598 1197 667 1233 suit
686 1199 722 1233 in
746 1197 803 1234 his
828 1199 963 1234 sanctis
986 1200 1085 1245 quod
1114 1210 1230 1245 usque
1253 1200 1303 1236 ad
1330 1204 1485 1236 mortem
1509 1204 1689 1234 steterunt
1714 1209 1781 1245 pro
1807 1208 1874 1234 sua

597 1256 772 1298 doctrina,
786 1257 886 1301 quod
906 1267 977 1292 non
993 1257 1174 1299 fecissent,
1188 1258 1254 1292 nisi
1272 1258 1465 1292 scivissent
1476 1267 1661 1292 summam
1678 1253 1874 1292 veritatem

598 1324 679 1349 esse
704 1313 740 1348 in
766 1324 819 1349 ea-
870 1312 1012 1360 Quinta
1038 1314 1201 1350 conditio
1225 1320 1283 1350 est
1307 1315 1395 1360 quia
1423 1314 1627 1350 existentes
1654 1314 1689 1348 in
1719 1313 1875 1349 diversis

599 1371 766 1416 partibus
786 1371 911 1406 mundi
934 1372 1090 1407 eandem
1108 1372 1330 1407 sententiam
1354 1371 1594 1418 protulerunt,
1612 1371 1713 1406 nullo
1735 1369 1784 1406 ab
1799 1370 1876 1406 alio

600 1427 799 1473 recipiente
815 1428 1032 1464 doctrinam.
1086 1428 1186 1474 Ergo
1203 1429 1370 1474 oportuit
1390 1428 1490 1474 quod
1509 1439 1574 1474 per
1598 1427 1875 1473 inspirationem

600 1485 672 1521 Dei
688 1485 934 1530 loquerentur,
952 1492 991 1522 et
1008 1486 1092 1522 ideo
1108 1487 1186 1522 sine
1203 1496 1333 1521 errore.
1384 1486 1503 1522 Sexta
1525 1486 1691 1522 conditio
1712 1491 1768 1521 est
1790 1485 1877 1531 quia

601 1536 746 1578 fuerunt
768 1543 906 1578 idiotae
928 1548 966 1578 et
987 1543 1081 1586 laici,
1099 1549 1139 1578 ut
1159 1543 1288 1578 Petrus
1312 1549 1350 1578 et
1370 1543 1443 1586 alii,
1458 1548 1496 1578 et
1521 1554 1710 1590 pauperes,
1726 1549 1765 1578 et
1785 1543 1877 1578 viles

600 1598 768 1636 homines
801 1606 839 1636 et
872 1600 1030 1645 abjecti:
1065 1605 1103 1636 et
1139 1606 1265 1636 tamen
1300 1600 1502 1646 praevaluit
1538 1611 1665 1635 eorum
1696 1600 1878 1635 sententia

601 1662 730 1693 contra
747 1657 986 1703 imperatores
1006 1663 1044 1693 et
1059 1657 1299 1704 philosophos
1316 1664 1353 1694 et
1367 1657 1558 1704 pontifices
1576 1668 1714 1693 eorum.
1758 1657 1878 1693 Mani-

600 1714 737 1750 festum
755 1721 810 1750 est
828 1715 939 1761 igitur
957 1726 1023 1761 per
1039 1715 1130 1750 haec
1146 1716 1250 1761 quod
1270 1716 1328 1751 isti
1345 1720 1432 1751 sunt
1447 1715 1550 1761 digni
1570 1721 1609 1750 ut
1629 1716 1683 1750 eis
1698 1714 1878 1750 credatur.

601 1772 677 1808 Sed
700 1773 761 1807 isti
781 1773 908 1808 dicunt
932 1773 1132 1818 prophetas
1157 1773 1296 1818 priores
1321 1773 1410 1808 dare
1434 1773 1687 1808 testimonium
1711 1772 1878 1808 Christo:

601 1840 692 1876 ergo
718 1829 788 1865 hoc
817 1836 875 1866 est
903 1840 1039 1866 verum.
1091 1830 1142 1866 Et
1172 1836 1361 1876 praeterea
1385 1831 1533 1876 ipsimet
1554 1830 1647 1866 dant
1669 1830 1880 1866 testimonia

599 1887 748 1923 infinita
775 1886 943 1923 Christo:
970 1887 1083 1923 immo
1110 1893 1192 1923 tota
1214 1888 1290 1923 vita
1312 1897 1449 1929 eorum„
1466 1898 1538 1923 non
1562 1887 1683 1924 solum
1705 1884 1880 1928 doctrina.

601 1944 674 1980 fuit
712 1944 945 1980 confirmatio
986 1945 1079 1990 legis
1114 1944 1354 1980 Christianae.
1420 1945 1513 1980 Cum
1552 1956 1639 1991 ergo
1675 1945 1881 1990 Prophetae

604 2003 744 2048 priores
772 2007 810 2037 et
843 2003 1065 2048 posteriores
1098 2003 1382 2038 innumerabiles
1414 2003 1594 2038 dederunt
1627 2003 1880 2037 testimonium

606 2058 766 2101 Christo.
784 2059 837 2094 ita
861 2059 972 2095 etiam
997 2060 1097 2105 quod
1123 2059 1276 2106 Moyses
1301 2066 1339 2096 et
1363 2059 1621 2096 Machometus
1645 2059 1826 2095 dederunt
1848 2060 1883 2095 ei

605 2116 866 2159 testimonium,
892 2122 930 2152 et
959 2128 1032 2152 non
1063 2117 1117 2152 sic
1143 2117 1283 2152 habent
1309 2117 1461 2162 Moyses
1485 2124 1523 2152 et
1549 2117 1818 2157 machometus,
1843 2121 1885 2152 ut

605 2172 757 2220 pianum
775 2179 831 2210 est
855 2185 906 2209 ex
926 2174 1083 2210 historiis
1103 2175 1332 2220 judaeorum
1356 2181 1394 2210 et
1416 2174 1707 2217 Saracenorum3
1734 2179 1884 2220 oportet

606 2242 697 2277 ergo
712 2231 812 2277 quod
832 2231 999 2268 Christus
1017 2233 1063 2267 sit
1083 2231 1274 2277 legislator
1294 2232 1485 2278 perfectus.

421 2296 558 2323 mir-cles.
657 2289 742 2324 Hoc
770 2289 868 2324 idern
892 2290 1070 2336 probatur
1096 2300 1161 2336 per
1185 2291 1387 2324 secundum
1413 2290 1565 2324 modum
1591 2289 1814 2336 Alpharabii
1836 2289 1885 2324 de

609 2347 803 2392 probando
826 2352 957 2390 sectas,
974 2347 1037 2392 qui
1061 2353 1118 2382 est
1142 2358 1254 2393 penes
1282 2348 1467 2382 miracula.
1517 2348 1616 2382 Nam
1639 2348 1707 2382 etsi
1734 2347 1885 2392 Moyses

609 2403 695 2440 fecit
717 2403 872 2451 grandia
892 2405 1097 2440 secundum
1118 2404 1319 2447 veritatem,
1343 2411 1381 2440 et
1401 2404 1658 2440 machometus
1683 2404 1884 2440 secundum

609 2460 757 2497 fraudes
772 2468 810 2497 et
827 2463 1070 2508 apparentias.
1085 2473 1183 2508 quae
1201 2463 1312 2498 etiam
1335 2463 1454 2508 gratia
1474 2462 1734 2508 disputationis
1756 2472 1886 2498 conce-

610 2519 752 2562 dantur,
769 2524 895 2555 tamen
911 2531 983 2554 non
1003 2520 1141 2555 habent
1157 2521 1474 2567 comparationem
1487 2520 1534 2555 ad
1552 2520 1724 2555 miracula
1738 2519 1885 2555 Christi.

611 2577 710 2613 Nam
732 2578 977 2613 concedentes
999 2589 1125 2613 eorum
1151 2577 1327 2613 miracula
1347 2579 1472 2613 omnia
1496 2581 1532 2612 et
1556 2577 1725 2613 historias
1745 2586 1885 2618 omnes,

612 2635 835 2671 inveniemus
861 2635 897 2670 in
925 2634 1077 2671 historia
1102 2634 1312 2681 evangelica
1339 2633 1515 2680 Iohannis
1541 2634 1672 2670 ultimo
1702 2634 1885 2680 capituloz

613 2691 708 2729 Sunt
731 2698 855 2727 autem
880 2692 970 2728 haec
988 2700 1027 2729 et
1048 2692 1163 2729 multa
1183 2692 1256 2729 alia
1279 2704 1374 2738 quae
1394 2692 1478 2729 fecit
1494 2692 1612 2737 Jesus,
1629 2703 1725 2738 quae
1747 2692 1777 2726 si
1800 2691 1887 2727 scri·

612 2749 746 2786 bantur
759 2760 823 2795 per
835 2750 986 2796 singula.
999 2761 1068 2785 nec
1085 2751 1208 2796 ipsum
1225 2751 1383 2786 arbitror
1401 2751 1578 2785 mundum
1592 2761 1724 2796 capere
1743 2745 1885 2798 [posse]

613 2820 687 2848 eos.
701 2807 764 2853 qui
777 2809 959 2843 scribendi
974 2813 1070 2849 sunt,
1083 2809 1199 2844 libros
1212 2819 1219 2851 ;
1231 2829 1235 2832 -
1246 2814 1394 2855 propter
1407 2808 1681 2844 multitudinem
1696 2813 1732 2843 et
1747 2808 1888 2853 magni-

613 2866 777 2902 tudinem
808 2865 1083 2902 miraculorum:
1125 2866 1228 2912 quod
1256 2877 1330 2901 non
1359 2872 1478 2913 potest
1505 2866 1632 2901 haberi
1656 2866 1703 2901 de
1728 2865 1889 2901 historiis

614 2922 738 2968 Moysi
771 2927 810 2959 et
844 2923 1081 2960 Machometi.
1132 2924 1228 2960 Item
1263 2923 1361 2965 dicit,
1392 2923 1445 2960 Ut
1478 2930 1603 2960 autern
1636 2923 1758 2960 sciatis
1787 2922 1887 2968 quod
