2350 3580
442 640 507 667 And
519 640 581 667 also

440 677 478 712 by
489 684 600 704 remn-

439 712 507 748 ing;
525 712 553 739 in
566 712 614 740 the

627 537 694 582 484
916 539 958 571 M
958 539 1016 572 UL
1022 539 1205 572 TIPLICA
1211 539 1286 572 Tlo
1313 539 1595 573 SPECIERUM.

678 629 727 665 Et
757 629 852 665 ratio
880 630 928 665 ad
958 629 1028 665 hoc
1061 636 1129 671 est,
1158 640 1243 664 cum
1273 630 1413 675 species
1438 630 1536 665 venit
1564 630 1614 665 ad
1646 630 1864 677 speculum,
1891 631 1920 667 si

627 687 795 722 transiret
814 687 848 722 in
863 687 942 733 ejus
959 686 1190 733 profundum,
1205 686 1341 722 faceret
1353 686 1508 733 angulos
1525 687 1726 723 interiores
1744 689 1922 735 aequales

439 748 618 776 cnsebothos
626 745 869 781 exterioribus
891 756 1002 791 super
1024 756 1257 780 communem
1280 744 1520 780 differentiam
1542 744 1770 790 superficiei,
1787 746 1827 781 in
1850 757 1922 792 qua

439 783 523 819 plane
534 785 589 812 and

439 820 583 849 oscurved
626 807 682 837 est
702 803 826 838 radius
847 803 1019 844 incidens,
1036 808 1074 838 et
1093 802 1296 848 superficiei
1319 802 1457 848 speculi
1480 802 1591 848 plani,
1614 808 1683 839 aut
1707 803 1920 851 superficiei

439 856 567 885 sarraca.

626 861 870 906 contingentis
894 860 1082 906 speculum
1113 860 1320 895 convexum
1349 860 1407 896 vel
1437 872 1652 903 concavum,
1677 862 1776 907 quia
1803 863 1921 898 omnis

626 918 723 953 linea
741 925 839 954 recta
855 924 957 953 stans
974 929 1084 964 super
1099 918 1207 954 aliam
1227 918 1313 954 facit
1338 918 1492 964 angulos
1515 925 1636 954 rectos
1653 919 1712 954 vel
1740 921 1920 967 aequales

624 975 770 1012 duobus
783 976 902 1019 rectis,
914 982 952 1012 et
970 976 1020 1011 ita
1038 987 1085 1011 ex
1105 981 1261 1021 utraque
1273 981 1377 1022 parte
1394 976 1503 1012 saciet
1522 982 1640 1022 rectos
1657 977 1720 1013 vel
1741 978 1920 1024 aequales

625 1034 753 1075 rectis3
777 1034 843 1069 sed
863 1044 991 1069 omnes
1014 1033 1104 1069 recti
1127 1039 1214 1069 sunt
1234 1033 1416 1079 aequales,
1433 1039 1472 1069 et
1493 1045 1620 1069 omnes
1638 1034 1719 1070 duo
1738 1037 1919 1082 aequales

921 1091 1028 1127 rectis
1066 1097 1150 1127 sunt
1185 1091 1358 1136 aequales
1399 1091 1582 1137 conjuncti
1628 1092 1714 1128 aliis
1767 1094 1917 1130 duobus

918 1148 1134 1195 aequalibus
1172 1149 1280 1185 rectis
1293 1141 1317 1191 ς’
1342 1156 1569 1196 quapropter
1592 1150 1723 1197 anguli
1754 1151 1835 1188 duo
1861 1152 1915 1187 in-

917 1207 1069 1243 teriores
1097 1219 1122 1242 a
1147 1206 1191 1243 b¹
1232 1213 1315 1243 sunt
1357 1208 1529 1254 aequales
1569 1209 1717 1254 augulis
1763 1209 1913 1245 duobus

917 1265 1159 1302 exterioribus
1187 1275 1206 1300 c
1241 1271 1278 1301 et
1312 1265 1342 1300 d
1352 1278 1360 1309 ;
1398 1272 1435 1301 et
1461 1265 1584 1311 anguli
1619 1272 1758 1301 contra
1797 1267 1909 1313 positi

917 1322 1088 1368 aequales
1105 1328 1189 1357 sunt
1204 1334 1213 1364 ;
1232 1329 1457 1369 quapropter
1472 1323 1627 1370 angulus
1645 1334 1672 1358 a
1689 1329 1728 1360 et
1748 1325 1910 1370 angulus

914 1391 934 1415 c
957 1386 1041 1415 sunt
1066 1379 1260 1425 aequales;
1285 1381 1350 1415 sed
1366 1385 1490 1415 tamen
1511 1390 1584 1416 non
1609 1385 1737 1426 potest
1761 1383 1922 1428 species·

916 1438 1069 1473 transire
1091 1436 1319 1482 superficiem
1341 1436 1479 1482 speculi
1496 1438 1727 1479 sensibiliter,
1748 1446 1794 1475 ut
1811 1451 1908 1476 nunc

916 1504 971 1530 est
985 1494 1148 1535 intentio,
1159 1494 1305 1540 qualem
1318 1495 1495 1540 angulum
1512 1495 1645 1531 faceret
1659 1496 1760 1532 intra
1774 1509 1907 1543 specu·

917 1551 1003 1592 lum,
1021 1557 1062 1587 ut
1078 1557 1134 1587 est
1151 1564 1185 1595 a,
1198 1551 1311 1587 talem
1329 1552 1436 1587 saciet
1449 1552 1486 1588 in
1503 1564 1569 1591 suo
1586 1554 1705 1589 reditu
1723 1555 1906 1590 citissimo

915 1621 937 1645 a
973 1609 1167 1655 superficie
1199 1610 1348 1656 speculi,
1377 1610 1442 1656 qui
1470 1616 1623 1646 vocatur
1648 1612 1818 1657 angulus
1851 1624 1905 1648 re-

915 1666 1092 1710 flexionis,
1118 1673 1159 1703 ut
1189 1672 1245 1702 est
1274 1679 1303 1708 e,
1328 1679 1410 1713 pars
1428 1668 1543 1713 ipsius
1565 1667 1613 1710 d3
1648 1669 1738 1714 quia
1765 1671 1902 1706 eodem

916 1725 1027 1760 modo
1056 1736 1096 1760 se
1129 1724 1241 1760 habet
1270 1726 1319 1769 ad
1352 1725 1579 1771 superficiem
1616 1726 1758 1771 speculi
1793 1733 1903 1763 extra

621 1786 658 1816 et
691 1781 807 1821 intra;
844 1792 933 1827 ergo
964 1793 1048 1818 cum
1081 1782 1238 1829 angulus
1277 1783 1508 1826 incidentiae,
1541 1783 1678 1819 scilicet
1710 1797 1741 1827 c,
1773 1791 1812 1821 et
1843 1786 1903 1821 hic

619 1839 776 1884 angulus
801 1839 1018 1882 reflexionis¹
1043 1840 1182 1876 scilicet
1206 1853 1233 1882 e,
1258 1841 1332 1876 sint
1361 1840 1531 1887 aequales
1556 1841 1694 1887 angulo
1721 1842 1903 1884 interiori,

963 1897 1102 1933 scilicet
1127 1898 1194 1944 ipsi
1220 1910 1254 1941 a,
1273 1903 1312 1933 ut
1331 1898 1497 1934 habitum
1518 1905 1583 1942 est,
1598 1906 1706 1935 erunt
1723 1901 1900 1946 aequales

903 1962 928 1996 J
962 1955 1055 1990 inter
1072 1967 1121 1996 se,
1140 1962 1181 1990 ut
1200 1962 1302 2002 patet
1319 1957 1355 1991 in
1377 1955 1493 2002 figura
1510 1957 1728 2003 subscripta.

1014 2012 1097 2049 Hoc
1131 2014 1242 2049 etiam
1275 2014 1549 2049 demonstratur
1582 2014 1618 2049 in
1646 2014 1739 2050 libro
1764 2014 1899 2060 Jacobi

961 2069 1117 2106 Alkindi
1147 2072 1194 2106 de
1220 2071 1459 2117 Aspectibus‚
1484 2077 1523 2107 et
1557 2072 1673 2117 primo
1702 2072 1740 2107 in
1775 2073 1900 2119 planis

961 2127 1119 2173 speculis
1136 2129 1211 2169 sic;
1228 2129 1258 2164 si
1277 2140 1300 2163 a
1313 2140 1336 2174 q
1353 2129 1449 2164 linea
1463 2135 1650 2165 moveatur
1663 2140 1774 2176 super
1789 2132 1899 2178 polos

960 2197 1047 2220 suos
1067 2197 1091 2220 a
1112 2192 1148 2220 et
1171 2198 1193 2231 q
1218 2185 1432 2229 immobiles,
1450 2188 1558 2223 cadet
1578 2187 1640 2223 dn
1659 2187 1757 2224 linea
1783 2200 1898 2236 super

626 2245 655 2269 ἠ
958 2243 1025 2285 cle,
1041 2244 1189 2289 quando
1208 2255 1273 2290 per
1295 2250 1435 2280 motum
1456 2256 1516 2290 aq
1538 2245 1654 2281 lineae
1676 2245 1705 2280 d
1718 2258 1744 2280 n
1768 2248 1898 2282 veniet

738 2299 785 2335 ’(1
959 2301 1008 2335 ad
1033 2307 1172 2347 partem
1198 2301 1352 2336 alteram
1378 2302 1412 2337 in
1438 2303 1599 2345 circuitu,
1620 2308 1657 2338 et
1683 2303 1768 2339 ideo
1795 2304 1897 2340 idem

709 2354 776 2382 ¹²¹0·
790 2355 835 2383 ⁸²·
959 2358 1117 2405 angulus
1139 2358 1380 2394 constituetur
1399 2370 1447 2394 ex
1473 2359 1529 2395 de
1551 2365 1589 2396 et
1612 2359 1642 2395 d
1649 2371 1673 2405 q
1696 2371 1740 2396 ac
1762 2371 1814 2396 ex
1831 2361 1895 2396 dn

614 2421 652 2451 et
668 2415 697 2450 d
708 2426 741 2461 q,
767 2421 963 2462 postquam
985 2428 1010 2451 a
1027 2428 1050 2461 q
1079 2415 1277 2451 revolvitur
1302 2423 1447 2452 tantum
1474 2417 1510 2452 in
1538 2417 1620 2454 loco
1648 2429 1727 2460 sue,
1751 2424 1789 2454 et
1818 2419 1895 2465 poli

615 2474 694 2520 ejus
713 2480 799 2509 sunt
824 2472 1028 2508 immobiles
1045 2486 1054 2517 ς
1079 2474 1145 2509 sed
1166 2473 1323 2520 angulus
1330 2486 1364 2520 g
1377 2473 1407 2508 d
1415 2486 1440 2510 a
1455 2480 1494 2510 et
1516 2475 1670 2521 angulus
1686 2487 1710 2510 n
1723 2475 1753 2511 d
1762 2487 1786 2522 q
1805 2484 1897 2514 sunt

614 2531 797 2578 aequales,
820 2532 905 2577 quia
930 2536 1017 2567 sunt
1046 2537 1174 2566 contra
1203 2531 1323 2577 positi,
1348 2542 1462 2577 quare
1478 2532 1550 2577 gd
1558 2543 1582 2566 a
1607 2538 1644 2567 et
1668 2532 1727 2568 ed
1734 2544 1758 2579 q
1781 2541 1895 2571 erunt

614 2590 796 2636 aequales.
848 2590 899 2625 Et
922 2590 1017 2625 hanc
1044 2590 1298 2636 probationem
1324 2591 1481 2626 eandem
1506 2589 1611 2626 affert
1640 2590 1817 2627 Euclides
1846 2595 1894 2630 ad

613 2648 778 2692 quintam
797 2648 1084 2693 propositionem
1103 2647 1158 2682 sui
1175 2647 1268 2682 libri.

694 1696 753 1724 Flo
776 1697 820 1724 81.

742 1929 768 1952 a

646 2736 655 2753 ¹
668 2736 732 2764 The
744 2736 843 2771 angles
854 2745 872 2763 a
885 2737 943 2763 and
954 2737 971 2763 ὁ
982 2745 1032 2764 are
1046 2737 1115 2764 here
1129 2737 1219 2764 called
1233 2737 1318 2764 inner
1328 2737 1439 2771 angles,
1448 2745 1482 2765 a
1494 2738 1582 2773 being
1594 2738 1703 2766 behind
1716 2737 1767 2766 the
1779 2739 1894 2769 mittor.

610 2780 674 2808 The
687 2780 813 2807 incident
823 2780 880 2807 and
889 2780 1025 2807 reflected
1038 2788 1104 2815 mys
1116 2789 1165 2808 are
1178 2781 1365 2815 represented
1377 2788 1411 2808 aa
1421 2788 1460 2808 on
1473 2781 1524 2809 the
1535 2781 1613 2816 right
1623 2781 1657 2808 or
1664 2781 1714 2809 the
1728 2782 1844 2812 mir-ror.
