<?xml version="1.0" encoding="UTF-8"?>
<!DOCTYPE html PUBLIC "-//W3C//DTD XHTML 1.0 Transitional//EN"
    "http://www.w3.org/TR/xhtml1/DTD/xhtml1-transitional.dtd">
<html xmlns="http://www.w3.org/1999/xhtml" xml:lang="en" lang="en">
 <head>
  <title>
</title>
<meta http-equiv="Content-Type" content="text/html;charset=utf-8" />
  <meta name='ocr-system' content='tesseract 3.04.00' />
  <meta name='ocr-capabilities' content='ocr_page ocr_carea ocr_par ocr_line ocrx_word'/>
</head>
<body>
  <div class='ocr_page' id='page_1' title='image "./opusmajusrogerb00bridgoog/opusmajusrogerb00bridgoog_0296.png"; bbox 0 0 2350 3580; ppageno 0'>
   <div class='ocr_carea' id='block_1_1' title="bbox 1882 339 1970 556">
    <p class='ocr_par' dir='ltr' id='par_1_1' title="bbox 1882 339 1970 556">
     <span class='ocr_line' id='line_1_1' title="bbox 1882 339 1970 556; baseline 0 -3"><span class='ocrx_word' id='word_1_1' title='bbox 1882 339 1970 556; x_wconf 61' lang='grc' dir='ltr'><strong>,ΙΙ</strong></span> 
     </span>
    </p>
   </div>
   <div class='ocr_carea' id='block_1_2' title="bbox 601 705 1644 752">
    <p class='ocr_par' dir='ltr' id='par_1_2' title="bbox 601 705 1644 752">
     <span class='ocr_line' id='line_1_2' title="bbox 601 705 1644 752; baseline 0 -12"><span class='ocrx_word' id='word_1_2' title='bbox 601 705 670 750; x_wconf 77' lang='lat'><strong>284</strong></span> <span class='ocrx_word' id='word_1_3' title='bbox 837 707 1009 740; x_wconf 81' lang='lat' dir='ltr'><em>OPERIS</em></span> <span class='ocrx_word' id='word_1_4' title='bbox 1033 707 1245 752; x_wconf 74' lang='lat' dir='ltr'><em>MAJORJS</em></span> <span class='ocrx_word' id='word_1_5' title='bbox 1270 707 1399 740; x_wconf 72' lang='lat' dir='ltr'><em>PARS</em></span> <span class='ocrx_word' id='word_1_6' title='bbox 1424 707 1644 741; x_wconf 69' lang='lat' dir='ltr'><em>SEPTIMA.</em></span> 
     </span>
    </p>
   </div>
   <div class='ocr_carea' id='block_1_3' title="bbox 419 796 1886 2862">
    <p class='ocr_par' dir='ltr' id='par_1_3' title="bbox 604 796 1886 1015">
     <span class='ocr_line' id='line_1_3' title="bbox 604 796 1886 844; baseline 0 -12"><span class='ocrx_word' id='word_1_7' title='bbox 604 797 691 832; x_wconf 75' lang='lat' dir='ltr'><strong>nihil</strong></span> <span class='ocrx_word' id='word_1_8' title='bbox 725 807 833 844; x_wconf 84' lang='lat' dir='ltr'><strong>posse</strong></span> <span class='ocrx_word' id='word_1_9' title='bbox 866 809 941 844; x_wconf 83' lang='lat' dir='ltr'><strong>quo</strong></span> <span class='ocrx_word' id='word_1_10' title='bbox 976 797 1159 844; x_wconf 79' lang='lat' dir='ltr'><strong>instigeris</strong></span> <span class='ocrx_word' id='word_1_11' title='bbox 1192 797 1381 834; x_wconf 79' lang='lat' dir='ltr'><strong>accidere&#39;</strong></span> <span class='ocrx_word' id='word_1_12' title='bbox 1432 797 1555 844; x_wconf 80' lang='lat' dir='ltr'><strong>&#39;Quis&#39;</strong></span> <span class='ocrx_word' id='word_1_13' title='bbox 1583 797 1681 834; x_wconf 78' lang='lat' dir='ltr'><strong>enim</strong></span> <span class='ocrx_word' id='word_1_14' title='bbox 1722 796 1886 834; x_wconf 73' lang='lat' dir='ltr'><strong>traditus</strong></span> 
     </span>
     <span class='ocr_line' id='line_1_4' title="bbox 604 853 1886 901; baseline 0 -11"><span class='ocrx_word' id='word_1_15' title='bbox 604 853 726 890; x_wconf 90' lang='lat' dir='ltr'><strong>dolori·</strong></span> <span class='ocrx_word' id='word_1_16' title='bbox 752 859 791 890; x_wconf 89' lang='lat' dir='ltr'><strong>et</strong></span> <span class='ocrx_word' id='word_1_17' title='bbox 823 855 954 898; x_wconf 76' lang='lat' dir='ltr'><strong>furens,</strong></span> <span class='ocrx_word' id='word_1_18' title='bbox 986 866 1057 890; x_wconf 88' lang='lat' dir='ltr'><strong>non</strong></span> <span class='ocrx_word' id='word_1_19' title='bbox 1094 855 1252 900; x_wconf 75' lang='lat' dir='ltr'><strong>primam</strong></span> <span class='ocrx_word' id='word_1_20' title='bbox 1291 855 1415 901; x_wconf 78' lang='lat' dir='ltr'><strong>rejecit</strong></span> <span class='ocrx_word' id='word_1_21' title='bbox 1447 857 1736 892; x_wconf 80' lang='lat' dir='ltr'><strong>verecundiam?</strong></span> <span class='ocrx_word' id='word_1_22' title='bbox 1785 853 1886 901; x_wconf 78' lang='lat' dir='ltr'><strong>Quis</strong></span> 
     </span>
     <span class='ocr_line' id='line_1_5' title="bbox 604 911 1885 960; baseline 0.001 -13"><span class='ocrx_word' id='word_1_23' title='bbox 604 911 744 958; x_wconf 84' lang='lat' dir='ltr'><strong>impetu</strong></span> <span class='ocrx_word' id='word_1_24' title='bbox 768 912 934 948; x_wconf 85' lang='lat' dir='ltr'><strong>turbidus</strong></span> <span class='ocrx_word' id='word_1_25' title='bbox 958 919 994 948; x_wconf 88' lang='lat' dir='ltr'><strong>et</strong></span> <span class='ocrx_word' id='word_1_26' title='bbox 1012 911 1048 948; x_wconf 85' lang='lat' dir='ltr'><strong>in</strong></span> <span class='ocrx_word' id='word_1_27' title='bbox 1065 912 1227 958; x_wconf 87' lang='lat' dir='ltr'><strong>aliquem</strong></span> <span class='ocrx_word' id='word_1_28' title='bbox 1248 924 1366 957; x_wconf 80' lang='lat' dir='ltr'><strong>ruens,</strong></span> <span class='ocrx_word' id='word_1_29' title='bbox 1383 924 1457 949; x_wconf 83' lang='lat' dir='ltr'><strong>non</strong></span> <span class='ocrx_word' id='word_1_30' title='bbox 1475 912 1650 960; x_wconf 83' lang='lat' dir='ltr'><strong>quicquid</strong></span> <span class='ocrx_word' id='word_1_31' title='bbox 1665 912 1703 948; x_wconf 87' lang='lat' dir='ltr'><strong>in</strong></span> <span class='ocrx_word' id='word_1_32' title='bbox 1720 923 1762 949; x_wconf 83' lang='lat' dir='ltr'><strong>se</strong></span> <span class='ocrx_word' id='word_1_33' title='bbox 1778 922 1885 948; x_wconf 80' lang='lat' dir='ltr'><strong>vere-</strong></span> 
     </span>
     <span class='ocr_line' id='line_1_6' title="bbox 606 969 1070 1015; baseline 0.004 -11"><span class='ocrx_word' id='word_1_34' title='bbox 606 970 712 1005; x_wconf 86' lang='lat' dir='ltr'><strong>cundi</strong></span> <span class='ocrx_word' id='word_1_35' title='bbox 732 969 872 1011; x_wconf 72' lang='lat' dir='ltr'><strong>habuit.</strong></span> <span class='ocrx_word' id='word_1_36' title='bbox 889 969 1070 1015; x_wconf 77' lang='lat' dir='ltr'><strong>abjecit?&#39;</strong></span> 
     </span>
    </p>

    <p class='ocr_par' dir='ltr' id='par_1_4' title="bbox 421 1027 1884 1077">
     <span class='ocr_line' id='line_1_7' title="bbox 421 1027 1884 1077; baseline 0.002 -16"><span class='ocrx_word' id='word_1_37' title='bbox 421 1033 535 1077; x_wconf 40' lang='lat' dir='ltr'><strong>singna-¹</strong></span> <span class='ocrx_word' id='word_1_38' title='bbox 653 1027 748 1063; x_wconf 88' lang='lat' dir='ltr'><strong>Cum</strong></span> <span class='ocrx_word' id='word_1_39' title='bbox 778 1028 888 1073; x_wconf 84' lang='lat' dir='ltr'><strong>igitur</strong></span> <span class='ocrx_word' id='word_1_40' title='bbox 917 1027 1006 1062; x_wconf 85' lang='lat' dir='ltr'>nihil</span> <span class='ocrx_word' id='word_1_41' title='bbox 1037 1039 1152 1073; x_wconf 81' lang='lat' dir='ltr'><strong>aeque</strong></span> <span class='ocrx_word' id='word_1_42' title='bbox 1185 1027 1372 1063; x_wconf 83' lang='lat' dir='ltr'><strong>hominem</strong></span> <span class='ocrx_word' id='word_1_43' title='bbox 1404 1039 1514 1074; x_wconf 86' lang='lat' dir='ltr'><strong>quam</strong></span> <span class='ocrx_word' id='word_1_44' title='bbox 1546 1038 1702 1074; x_wconf 78' lang='lat' dir='ltr'><strong>magnus</strong></span> <span class='ocrx_word' id='word_1_45' title='bbox 1733 1028 1884 1064; x_wconf 75' lang='lat' dir='ltr'><strong>animus</strong></span> 
     </span>
    </p>

    <p class='ocr_par' dir='ltr' id='par_1_5' title="bbox 419 1075 1885 2862">
     <span class='ocr_line' id='line_1_8' title="bbox 419 1075 1884 1134; baseline 0 -13"><span class='ocrx_word' id='word_1_46' title='bbox 419 1075 557 1134; x_wconf 46' lang='lat' dir='ltr'><strong>:¹1:32er</strong></span> <span class='ocrx_word' id='word_1_47' title='bbox 606 1086 721 1126; x_wconf 81' lang='lat' dir='ltr'><strong>decet,</strong></span> <span class='ocrx_word' id='word_1_48' title='bbox 743 1090 786 1120; x_wconf 83' lang='lat' dir='ltr'><strong>ut</strong></span> <span class='ocrx_word' id='word_1_49' title='bbox 815 1086 904 1123; x_wconf 76' lang='lat' dir='ltr'><strong>dicit</strong></span> <span class='ocrx_word' id='word_1_50' title='bbox 934 1084 1074 1121; x_wconf 81' lang='lat' dir='ltr'>Seneca</span> <span class='ocrx_word' id='word_1_51' title='bbox 1101 1085 1194 1121; x_wconf 83' lang='lat' dir='ltr'><strong>libro</strong></span> <span class='ocrx_word' id='word_1_52' title='bbox 1221 1087 1383 1121; x_wconf 83' lang='lat' dir='ltr'><strong>secundo</strong></span> <span class='ocrx_word' id='word_1_53' title='bbox 1407 1087 1455 1122; x_wconf 86' lang='lat' dir='ltr'><strong>de</strong></span> <span class='ocrx_word' id='word_1_54' title='bbox 1482 1086 1696 1130; x_wconf 78' lang='lat' dir='ltr'><strong>Clementia,</strong></span> <span class='ocrx_word' id='word_1_55' title='bbox 1720 1091 1759 1121; x_wconf 84' lang='lat' dir='ltr'><strong>et</strong></span> <span class='ocrx_word' id='word_1_56' title='bbox 1785 1086 1884 1122; x_wconf 77' lang='lat' dir='ltr'><strong>hanc</strong></span> 
     </span>
     <span class='ocr_line' id='line_1_9' title="bbox 604 1142 1884 1194; baseline 0.002 -16"><span class='ocrx_word' id='word_1_57' title='bbox 604 1142 775 1194; x_wconf 74' lang='lat' dir='ltr'><strong>virtutem</strong></span> <span class='ocrx_word' id='word_1_58' title='bbox 817 1142 1114 1188; x_wconf 75' lang='lat' dir='ltr'><strong>gloriosissimam</strong></span> <span class='ocrx_word' id='word_1_59' title='bbox 1157 1142 1350 1180; x_wconf 81' lang='lat' dir='ltr'><strong>confundit</strong></span> <span class='ocrx_word' id='word_1_60' title='bbox 1391 1143 1454 1187; x_wconf 80' lang='lat' dir='ltr'><strong>ira,</strong></span> <span class='ocrx_word' id='word_1_61' title='bbox 1490 1150 1528 1180; x_wconf 85' lang='lat' dir='ltr'><strong>et</strong></span> <span class='ocrx_word' id='word_1_62' title='bbox 1569 1149 1734 1184; x_wconf 79' lang='lat' dir='ltr'>evacuat,</span> <span class='ocrx_word' id='word_1_63' title='bbox 1769 1143 1884 1180; x_wconf 86' lang='lat' dir='ltr'><strong>debet</strong></span> 
     </span>
     <span class='ocr_line' id='line_1_10' title="bbox 606 1200 1885 1247; baseline 0.002 -12"><span class='ocrx_word' id='word_1_64' title='bbox 606 1201 715 1236; x_wconf 78' lang='lat' dir='ltr'><strong>homo</strong></span> <span class='ocrx_word' id='word_1_65' title='bbox 737 1200 959 1237; x_wconf 79' lang='lat' dir='ltr'><strong>iracundiam</strong></span> <span class='ocrx_word' id='word_1_66' title='bbox 981 1212 1003 1234; x_wconf 89' lang='lat' dir='ltr'><strong>a</strong></span> <span class='ocrx_word' id='word_1_67' title='bbox 1024 1212 1092 1237; x_wconf 85' lang='lat' dir='ltr'><strong>suo</strong></span> <span class='ocrx_word' id='word_1_68' title='bbox 1114 1201 1239 1237; x_wconf 85' lang='lat' dir='ltr'><strong>animo</strong></span> <span class='ocrx_word' id='word_1_69' title='bbox 1261 1201 1424 1237; x_wconf 79' lang='lat' dir='ltr'><strong>funditus</strong></span> <span class='ocrx_word' id='word_1_70' title='bbox 1443 1201 1639 1247; x_wconf 83' lang='lat' dir='ltr'><strong>extirpare,</strong></span> <span class='ocrx_word' id='word_1_71' title='bbox 1655 1206 1694 1237; x_wconf 83' lang='lat' dir='ltr'><strong>et</strong></span> <span class='ocrx_word' id='word_1_72' title='bbox 1717 1201 1885 1238; x_wconf 80' lang='lat' dir='ltr'><strong>maxime</strong></span> 
     </span>
     <span class='ocr_line' id='line_1_11' title="bbox 606 1257 1883 1305; baseline 0.001 -12"><span class='ocrx_word' id='word_1_73' title='bbox 606 1259 668 1304; x_wconf 88' lang='lat' dir='ltr'><strong>qui</strong></span> <span class='ocrx_word' id='word_1_74' title='bbox 698 1263 852 1305; x_wconf 83' lang='lat' dir='ltr'><strong>praeest.</strong></span> <span class='ocrx_word' id='word_1_75' title='bbox 903 1257 1088 1303; x_wconf 84' lang='lat' dir='ltr'><strong>Quoniam</strong></span> <span class='ocrx_word' id='word_1_76' title='bbox 1123 1258 1161 1292; x_wconf 89' lang='lat' dir='ltr'><strong>in</strong></span> <span class='ocrx_word' id='word_1_77' title='bbox 1195 1259 1318 1303; x_wconf 88' lang='lat' dir='ltr'><strong>primo</strong></span> <span class='ocrx_word' id='word_1_78' title='bbox 1350 1258 1443 1294; x_wconf 84' lang='lat' dir='ltr'><strong>libro</strong></span> <span class='ocrx_word' id='word_1_79' title='bbox 1475 1260 1574 1302; x_wconf 85' lang='lat' dir='ltr'><strong>dicit,</strong></span> <span class='ocrx_word' id='word_1_80' title='bbox 1601 1259 1701 1304; x_wconf 89' lang='lat' dir='ltr'><strong>quod</strong></span> <span class='ocrx_word' id='word_1_81' title='bbox 1734 1259 1883 1305; x_wconf 82' lang='lat' dir='ltr'><strong>‘magui</strong></span> 
     </span>
     <span class='ocr_line' id='line_1_12' title="bbox 606 1309 1881 1367; baseline 0 -16"><span class='ocrx_word' id='word_1_82' title='bbox 606 1314 741 1367; x_wconf 64' lang='grc' dir='ltr'><strong>ειτιῖιϊιᾷ1</strong></span> <span class='ocrx_word' id='word_1_83' title='bbox 770 1321 828 1351; x_wconf 86' lang='lat' dir='ltr'><strong>est</strong></span> <span class='ocrx_word' id='word_1_84' title='bbox 858 1314 1006 1361; x_wconf 87' lang='lat' dir='ltr'><strong>injurias</strong></span> <span class='ocrx_word' id='word_1_85' title='bbox 1035 1315 1072 1350; x_wconf 85' lang='lat' dir='ltr'><strong>in</strong></span> <span class='ocrx_word' id='word_1_86' title='bbox 1104 1320 1250 1351; x_wconf 82' lang='lat' dir='ltr'><strong>summa</strong></span> <span class='ocrx_word' id='word_1_87' title='bbox 1280 1315 1444 1362; x_wconf 85' lang='lat' dir='ltr'><strong>potentia</strong></span> <span class='ocrx_word' id='word_1_88' title='bbox 1474 1309 1561 1362; x_wconf 77' lang='lat' dir='ltr'><strong>pati,</strong></span> <span class='ocrx_word' id='word_1_89' title='bbox 1586 1327 1653 1351; x_wconf 86' lang='lat' dir='ltr'><strong>nec</strong></span> <span class='ocrx_word' id='word_1_90' title='bbox 1681 1315 1881 1362; x_wconf 80' lang='lat' dir='ltr'><strong>quicquam</strong></span> 
     </span>
     <span class='ocr_line' id='line_1_13' title="bbox 604 1372 1883 1420; baseline 0 -12"><span class='ocrx_word' id='word_1_91' title='bbox 604 1372 796 1419; x_wconf 68' lang='lat' dir='ltr'><strong>gloriosius</strong></span> <span class='ocrx_word' id='word_1_92' title='bbox 823 1383 904 1408; x_wconf 87' lang='lat' dir='ltr'><strong>esse</strong></span> <span class='ocrx_word' id='word_1_93' title='bbox 933 1372 1097 1419; x_wconf 82' lang='lat' dir='ltr'><strong>principe</strong></span> <span class='ocrx_word' id='word_1_94' title='bbox 1130 1373 1280 1420; x_wconf 87' lang='lat' dir='ltr'><strong>impune</strong></span> <span class='ocrx_word' id='word_1_95' title='bbox 1314 1372 1433 1413; x_wconf 52' lang='lat' dir='ltr'><strong>laeso-f</strong></span> <span class='ocrx_word' id='word_1_96' title='bbox 1485 1373 1537 1408; x_wconf 83' lang='lat' dir='ltr'><strong>Et</strong></span> <span class='ocrx_word' id='word_1_97' title='bbox 1567 1373 1601 1408; x_wconf 81' lang='lat' dir='ltr'><strong>in</strong></span> <span class='ocrx_word' id='word_1_98' title='bbox 1634 1373 1799 1409; x_wconf 77' lang='lat' dir='ltr'><strong>secundo</strong></span> <span class='ocrx_word' id='word_1_99' title='bbox 1832 1373 1883 1409; x_wconf 88' lang='lat' dir='ltr'><strong>de</strong></span> 
     </span>
     <span class='ocr_line' id='line_1_14' title="bbox 608 1429 1881 1480; baseline 0 -15"><span class='ocrx_word' id='word_1_100' title='bbox 608 1430 668 1465; x_wconf 88' lang='lat' dir='ltr'><strong>Ira</strong></span> <span class='ocrx_word' id='word_1_101' title='bbox 688 1429 792 1465; x_wconf 80' lang='lat' dir='ltr'><strong>affert</strong></span> <span class='ocrx_word' id='word_1_102' title='bbox 812 1430 1023 1480; x_wconf 78' lang='lat' dir='ltr'><strong>exemplum</strong></span> <span class='ocrx_word' id='word_1_103' title='bbox 1045 1430 1092 1466; x_wconf 88' lang='lat' dir='ltr'><strong>ad</strong></span> <span class='ocrx_word' id='word_1_104' title='bbox 1112 1430 1196 1472; x_wconf 82' lang='lat' dir='ltr'><strong>hoc,</strong></span> <span class='ocrx_word' id='word_1_105' title='bbox 1216 1430 1303 1465; x_wconf 83' lang='lat' dir='ltr'><strong>*lile</strong></span> <span class='ocrx_word' id='word_1_106' title='bbox 1327 1430 1607 1476; x_wconf 65' lang='lat' dir='ltr'><strong>magnanimus⁵¹</strong></span> <span class='ocrx_word' id='word_1_107' title='bbox 1624 1435 1664 1466; x_wconf 82' lang='lat' dir='ltr'><strong>et&#39;</strong></span> <span class='ocrx_word' id='word_1_108' title='bbox 1678 1430 1881 1466; x_wconf 84' lang='lat' dir='ltr'><strong>immobilis</strong></span> 
     </span>
     <span class='ocr_line' id='line_1_15' title="bbox 606 1487 1880 1534; baseline 0 -11"><span class='ocrx_word' id='word_1_109' title='bbox 606 1493 661 1523; x_wconf 82' lang='lat' dir='ltr'><strong>est</strong></span> <span class='ocrx_word' id='word_1_110' title='bbox 686 1488 747 1533; x_wconf 88' lang='lat' dir='ltr'><strong>qui</strong></span> <span class='ocrx_word' id='word_1_111' title='bbox 775 1499 875 1523; x_wconf 83' lang='lat' dir='ltr'><strong>more</strong></span> <span class='ocrx_word' id='word_1_112' title='bbox 906 1499 1057 1534; x_wconf 85' lang='lat' dir='ltr'><strong>magnae</strong></span> <span class='ocrx_word' id='word_1_113' title='bbox 1088 1487 1183 1524; x_wconf 84' lang='lat' dir='ltr'><strong>ferae</strong></span> <span class='ocrx_word' id='word_1_114' title='bbox 1210 1487 1364 1523; x_wconf 84' lang='lat' dir='ltr'><strong>latratus</strong></span> <span class='ocrx_word' id='word_1_115' title='bbox 1392 1499 1541 1523; x_wconf 86' lang='lat' dir='ltr'><strong>suorum</strong></span> <span class='ocrx_word' id='word_1_116' title='bbox 1572 1488 1706 1523; x_wconf 76' lang='lat' dir='ltr'><strong>civium</strong></span> <span class='ocrx_word' id='word_1_117' title='bbox 1729 1498 1880 1523; x_wconf 82' lang='lat' dir='ltr'><strong>securus</strong></span> 
     </span>
     <span class='ocr_line' id='line_1_16' title="bbox 606 1545 1879 1592; baseline 0 -10"><span class='ocrx_word' id='word_1_118' title='bbox 606 1545 781 1582; x_wconf 66' lang='lat' dir='ltr'><strong>emindit.¹</strong></span> <span class='ocrx_word' id='word_1_119' title='bbox 812 1545 881 1582; x_wconf 83' lang='lat' dir='ltr'><strong>&#39;Et</strong></span> <span class='ocrx_word' id='word_1_120' title='bbox 912 1546 1032 1582; x_wconf 78' lang='lat' dir='ltr'><strong>adhuc</strong></span> <span class='ocrx_word' id='word_1_121' title='bbox 1057 1546 1232 1582; x_wconf 74' lang='lat' dir='ltr'><strong>iri-tertio</strong></span> <span class='ocrx_word' id='word_1_122' title='bbox 1261 1546 1401 1592; x_wconf 82' lang='lat' dir='ltr'><strong>adjicit,</strong></span> <span class='ocrx_word' id='word_1_123' title='bbox 1423 1546 1541 1582; x_wconf 77' lang='lat' dir='ltr'><strong>‘Illud</strong></span> <span class='ocrx_word' id='word_1_124' title='bbox 1570 1557 1645 1582; x_wconf 78' lang='lat' dir='ltr'><strong>non</strong></span> <span class='ocrx_word' id='word_1_125' title='bbox 1670 1546 1818 1582; x_wconf 62' lang='lat' dir='ltr'><strong>veniet*</strong></span> <span class='ocrx_word' id='word_1_126' title='bbox 1842 1545 1879 1582; x_wconf 82' lang='lat' dir='ltr'><strong>in</strong></span> 
     </span>
     <span class='ocr_line' id='line_1_17' title="bbox 605 1603 1880 1650; baseline 0 -12"><span class='ocrx_word' id='word_1_127' title='bbox 605 1604 755 1638; x_wconf 86' lang='lat' dir='ltr'><strong>dubium</strong></span> <span class='ocrx_word' id='word_1_128' title='bbox 783 1604 868 1650; x_wconf 82' lang='lat' dir='ltr'><strong>quin</strong></span> <span class='ocrx_word' id='word_1_129' title='bbox 897 1615 939 1640; x_wconf 86' lang='lat' dir='ltr'><strong>se</strong></span> <span class='ocrx_word' id='word_1_130' title='bbox 966 1605 1143 1639; x_wconf 79' lang='lat' dir='ltr'><strong>exemerit</strong></span> <span class='ocrx_word' id='word_1_131' title='bbox 1172 1605 1303 1641; x_wconf 80' lang='lat' dir='ltr'><strong>turbae</strong></span> <span class='ocrx_word' id='word_1_132' title='bbox 1336 1609 1374 1641; x_wconf 86' lang='lat' dir='ltr'><strong>et</strong></span> <span class='ocrx_word' id='word_1_133' title='bbox 1403 1603 1512 1640; x_wconf 86' lang='lat' dir='ltr'><strong>altius</strong></span> <span class='ocrx_word' id='word_1_134' title='bbox 1541 1605 1684 1639; x_wconf 84' lang='lat' dir='ltr'><strong>steterit</strong></span> <span class='ocrx_word' id='word_1_135' title='bbox 1712 1603 1880 1650; x_wconf 80' lang='lat' dir='ltr'><strong>quisquis</strong></span> 
     </span>
     <span class='ocr_line' id='line_1_18' title="bbox 606 1652 1878 1708; baseline 0 -12"><span class='ocrx_word' id='word_1_136' title='bbox 606 1662 775 1708; x_wconf 80' lang='lat' dir='ltr'><strong>despexit</strong></span> <span class='ocrx_word' id='word_1_137' title='bbox 803 1662 1039 1697; x_wconf 71' lang='lat' dir='ltr'><strong>lacessentes:</strong></span> <span class='ocrx_word' id='word_1_138' title='bbox 1062 1663 1252 1708; x_wconf 74' lang='lat' dir='ltr'><strong>proprIum</strong></span> <span class='ocrx_word' id='word_1_139' title='bbox 1276 1669 1332 1698; x_wconf 82' lang='lat' dir='ltr'><strong>est</strong></span> <span class='ocrx_word' id='word_1_140' title='bbox 1356 1663 1454 1697; x_wconf 88' lang='lat' dir='ltr'><strong>enim</strong></span> <span class='ocrx_word' id='word_1_141' title='bbox 1475 1652 1585 1697; x_wconf 55' lang='lat' dir='ltr'><strong>⁴vei-ae</strong></span> <span class='ocrx_word' id='word_1_142' title='bbox 1611 1661 1878 1707; x_wconf 77' lang='lat' dir='ltr'><strong>magnitudinis</strong></span> 
     </span>
     <span class='ocr_line' id='line_1_19' title="bbox 605 1718 1879 1766; baseline 0 -12"><span class='ocrx_word' id='word_1_143' title='bbox 605 1730 677 1754; x_wconf 87' lang='lat' dir='ltr'><strong>non</strong></span> <span class='ocrx_word' id='word_1_144' title='bbox 695 1719 828 1754; x_wconf 82' lang='lat' dir='ltr'><strong>sentire</strong></span> <span class='ocrx_word' id='word_1_145' title='bbox 843 1731 882 1755; x_wconf 88' lang='lat' dir='ltr'><strong>se</strong></span> <span class='ocrx_word' id='word_1_146' title='bbox 901 1730 979 1755; x_wconf 81' lang='lat' dir='ltr'><strong>esse</strong></span> <span class='ocrx_word' id='word_1_147' title='bbox 997 1731 1219 1766; x_wconf 85' lang='lat' dir='ltr'><strong>percussum.</strong></span> <span class='ocrx_word' id='word_1_148' title='bbox 1272 1721 1334 1756; x_wconf 85' lang='lat' dir='ltr'><strong>Sic</strong></span> <span class='ocrx_word' id='word_1_149' title='bbox 1352 1721 1521 1755; x_wconf 83' lang='lat' dir='ltr'><strong>immanis</strong></span> <span class='ocrx_word' id='word_1_150' title='bbox 1539 1718 1614 1755; x_wconf 83' lang='lat' dir='ltr'><strong>fera</strong></span> <span class='ocrx_word' id='word_1_151' title='bbox 1636 1720 1685 1766; x_wconf 75' lang='lat' dir='ltr'><strong>ad</strong></span> <span class='ocrx_word' id='word_1_152' title='bbox 1705 1718 1879 1755; x_wconf 76' lang='lat' dir='ltr'><strong>latratum</strong></span> 
     </span>
     <span class='ocr_line' id='line_1_20' title="bbox 606 1766 1880 1824; baseline 0 -12"><span class='ocrx_word' id='word_1_153' title='bbox 606 1788 737 1812; x_wconf 84' lang='lat' dir='ltr'><strong>canum</strong></span> <span class='ocrx_word' id='word_1_154' title='bbox 764 1776 859 1813; x_wconf 82' lang='lat' dir='ltr'><strong>lenta</strong></span> <span class='ocrx_word' id='word_1_155' title='bbox 883 1776 1065 1823; x_wconf 68' lang='lat' dir='ltr'><strong>respexit-⁵</strong></span> <span class='ocrx_word' id='word_1_156' title='bbox 1119 1777 1216 1813; x_wconf 84' lang='lat' dir='ltr'><strong>Nam</strong></span> <span class='ocrx_word' id='word_1_157' title='bbox 1243 1777 1302 1814; x_wconf 84' lang='lat' dir='ltr'><strong>leo</strong></span> <span class='ocrx_word' id='word_1_158' title='bbox 1332 1789 1405 1813; x_wconf 87' lang='lat' dir='ltr'><strong>non</strong></span> <span class='ocrx_word' id='word_1_159' title='bbox 1434 1778 1605 1824; x_wconf 80' lang='lat' dir='ltr'><strong>dignatur</strong></span> <span class='ocrx_word' id='word_1_160' title='bbox 1634 1776 1806 1813; x_wconf 77' lang='lat' dir='ltr'><strong>festinare</strong></span> <span class='ocrx_word' id='word_1_161' title='bbox 1820 1766 1880 1813; x_wconf 60' lang='lat' dir='ltr'><strong>&#39;ad</strong></span> 
     </span>
     <span class='ocr_line' id='line_1_21' title="bbox 606 1829 1880 1881; baseline 0.002 -12"><span class='ocrx_word' id='word_1_162' title='bbox 606 1834 783 1870; x_wconf 81' lang='lat' dir='ltr'><strong>clamores</strong></span> <span class='ocrx_word' id='word_1_163' title='bbox 799 1835 1012 1870; x_wconf 83' lang='lat' dir='ltr'><strong>venantium</strong></span> <span class='ocrx_word' id='word_1_164' title='bbox 1030 1840 1068 1870; x_wconf 88' lang='lat' dir='ltr'><strong>et</strong></span> <span class='ocrx_word' id='word_1_165' title='bbox 1088 1835 1281 1872; x_wconf 82' lang='lat' dir='ltr'><strong>tumultus.</strong></span> <span class='ocrx_word' id='word_1_166' title='bbox 1332 1840 1341 1854; x_wconf 82' lang='lat'>¹</span> <span class='ocrx_word' id='word_1_167' title='bbox 1354 1829 1419 1872; x_wconf 60' lang='lat' dir='ltr'><strong>Sic*</strong></span> <span class='ocrx_word' id='word_1_168' title='bbox 1434 1836 1554 1871; x_wconf 87' lang='lat' dir='ltr'><strong>irritus</strong></span> <span class='ocrx_word' id='word_1_169' title='bbox 1572 1835 1707 1881; x_wconf 84' lang='lat' dir='ltr'><strong>ingenti</strong></span> <span class='ocrx_word' id='word_1_170' title='bbox 1726 1835 1880 1880; x_wconf 80' lang='lat' dir='ltr'><strong>scopulo</strong></span> 
     </span>
     <span class='ocr_line' id='line_1_22' title="bbox 606 1892 1880 1939; baseline 0.001 -12"><span class='ocrx_word' id='word_1_171' title='bbox 606 1892 737 1928; x_wconf 79' lang='lat' dir='ltr'><strong>fluctus</strong></span> <span class='ocrx_word' id='word_1_172' title='bbox 761 1892 933 1937; x_wconf 66' lang='lat' dir='ltr'><strong>adsultat.</strong></span> <span class='ocrx_word' id='word_1_173' title='bbox 983 1893 1057 1939; x_wconf 79' lang='lat' dir='ltr'><strong>Qui</strong></span> <span class='ocrx_word' id='word_1_174' title='bbox 1083 1904 1156 1927; x_wconf 89' lang='lat' dir='ltr'><strong>non</strong></span> <span class='ocrx_word' id='word_1_175' title='bbox 1185 1893 1355 1937; x_wconf 79' lang='lat' dir='ltr'><strong>irascitur,</strong></span> <span class='ocrx_word' id='word_1_176' title='bbox 1382 1894 1616 1928; x_wconf 86' lang='lat' dir='ltr'><strong>inconcussus</strong></span> <span class='ocrx_word' id='word_1_177' title='bbox 1643 1893 1773 1938; x_wconf 82' lang='lat' dir='ltr'><strong>injuria</strong></span> <span class='ocrx_word' id='word_1_178' title='bbox 1797 1904 1880 1939; x_wconf 83' lang='lat' dir='ltr'><strong>per-</strong></span> 
     </span>
     <span class='ocr_line' id='line_1_23' title="bbox 604 1949 1879 1996; baseline 0 -10"><span class='ocrx_word' id='word_1_179' title='bbox 604 1949 724 1992; x_wconf 80' lang='lat' dir='ltr'><strong>stitit·,</strong></span> <span class='ocrx_word' id='word_1_180' title='bbox 748 1950 810 1996; x_wconf 90' lang='lat' dir='ltr'><strong>qui</strong></span> <span class='ocrx_word' id='word_1_181' title='bbox 828 1960 914 1986; x_wconf 86' lang='lat' dir='ltr'><strong>vero</strong></span> <span class='ocrx_word' id='word_1_182' title='bbox 933 1950 1097 1986; x_wconf 82' lang='lat' dir='ltr'><strong>irascitur</strong></span> <span class='ocrx_word' id='word_1_183' title='bbox 1114 1958 1239 1987; x_wconf 84' lang='lat' dir='ltr'><strong>motus</strong></span> <span class='ocrx_word' id='word_1_184' title='bbox 1261 1949 1339 1987; x_wconf 62' lang='lat' dir='ltr'><strong>est!</strong></span> <span class='ocrx_word' id='word_1_185' title='bbox 1391 1951 1503 1987; x_wconf 86' lang='lat' dir='ltr'><strong>Unde</strong></span> <span class='ocrx_word' id='word_1_186' title='bbox 1523 1951 1592 1986; x_wconf 89' lang='lat' dir='ltr'><strong>hoc</strong></span> <span class='ocrx_word' id='word_1_187' title='bbox 1612 1957 1667 1986; x_wconf 75' lang='lat' dir='ltr'><strong>est</strong></span> <span class='ocrx_word' id='word_1_188' title='bbox 1685 1949 1879 1986; x_wconf 73' lang='lat' dir='ltr'><strong>consilium</strong></span> 
     </span>
     <span class='ocr_line' id='line_1_24' title="bbox 606 2003 1880 2054; baseline 0.001 -11"><span class='ocrx_word' id='word_1_189' title='bbox 606 2008 706 2053; x_wconf 84' lang='lat' dir='ltr'><strong>quod</strong></span> <span class='ocrx_word' id='word_1_190' title='bbox 728 2012 856 2043; x_wconf 82' lang='lat' dir='ltr'><strong>contra</strong></span> <span class='ocrx_word' id='word_1_191' title='bbox 876 2008 965 2043; x_wconf 87' lang='lat' dir='ltr'><strong>iram</strong></span> <span class='ocrx_word' id='word_1_192' title='bbox 987 2009 1138 2045; x_wconf 86' lang='lat' dir='ltr'><strong>adhibet</strong></span> <span class='ocrx_word' id='word_1_193' title='bbox 1163 2009 1300 2053; x_wconf 83' lang='lat' dir='ltr'><strong>dicens,</strong></span> <span class='ocrx_word' id='word_1_194' title='bbox 1316 2011 1325 2026; x_wconf 89' lang='lat'>‘</span> <span class='ocrx_word' id='word_1_195' title='bbox 1339 2009 1436 2045; x_wconf 84' lang='lat' dir='ltr'><strong>Vide</strong></span> <span class='ocrx_word' id='word_1_196' title='bbox 1460 2020 1505 2045; x_wconf 85' lang='lat' dir='ltr'><strong>ne</strong></span> <span class='ocrx_word' id='word_1_197' title='bbox 1530 2003 1749 2054; x_wconf 79' lang='lat' dir='ltr'><strong>magnitudo</strong></span> <span class='ocrx_word' id='word_1_198' title='bbox 1766 2008 1880 2044; x_wconf 84' lang='lat' dir='ltr'><strong>animi</strong></span> 
     </span>
     <span class='ocr_line' id='line_1_25' title="bbox 606 2065 1880 2113; baseline -0.001 -11"><span class='ocrx_word' id='word_1_199' title='bbox 606 2065 659 2102; x_wconf 87' lang='lat' dir='ltr'><strong>tui</strong></span> <span class='ocrx_word' id='word_1_200' title='bbox 686 2065 938 2111; x_wconf 83' lang='lat' dir='ltr'><strong>creditumque</strong></span> <span class='ocrx_word' id='word_1_201' title='bbox 964 2067 1062 2111; x_wconf 84' lang='lat' dir='ltr'><strong>apud</strong></span> <span class='ocrx_word' id='word_1_202' title='bbox 1094 2067 1290 2112; x_wconf 85' lang='lat' dir='ltr'><strong>plerosque</strong></span> <span class='ocrx_word' id='word_1_203' title='bbox 1314 2067 1425 2101; x_wconf 83' lang='lat' dir='ltr'><strong>robur</strong></span> <span class='ocrx_word' id='word_1_204' title='bbox 1450 2065 1602 2108; x_wconf 76' lang='lat' dir='ltr'><strong>cadat&#39;3</strong></span> <span class='ocrx_word' id='word_1_205' title='bbox 1631 2066 1880 2113; x_wconf 71' lang='lat' dir='ltr'><strong>propriissime</strong></span> 
     </span>
     <span class='ocr_line' id='line_1_26' title="bbox 607 2122 1880 2170; baseline 0.001 -11"><span class='ocrx_word' id='word_1_206' title='bbox 607 2123 750 2169; x_wconf 78' lang='lat' dir='ltr'><strong>respicit</strong></span> <span class='ocrx_word' id='word_1_207' title='bbox 764 2124 931 2159; x_wconf 86' lang='lat' dir='ltr'><strong>homines</strong></span> <span class='ocrx_word' id='word_1_208' title='bbox 950 2136 1121 2170; x_wconf 84' lang='lat' dir='ltr'><strong>magnam</strong></span> <span class='ocrx_word' id='word_1_209' title='bbox 1139 2125 1396 2160; x_wconf 80' lang='lat' dir='ltr'><strong>auctoritatem</strong></span> <span class='ocrx_word' id='word_1_210' title='bbox 1411 2124 1601 2160; x_wconf 78' lang='lat' dir='ltr'><strong>habentes.</strong></span> <span class='ocrx_word' id='word_1_211' title='bbox 1640 2122 1691 2158; x_wconf 87' lang='lat' dir='ltr'><strong>Et</strong></span> <span class='ocrx_word' id='word_1_212' title='bbox 1705 2124 1740 2159; x_wconf 90' lang='lat' dir='ltr'><strong>in</strong></span> <span class='ocrx_word' id='word_1_213' title='bbox 1754 2125 1880 2168; x_wconf 82' lang='lat' dir='ltr'><strong>tertio,</strong></span> 
     </span>
     <span class='ocr_line' id='line_1_27' title="bbox 606 2178 1878 2228; baseline 0.002 -13"><span class='ocrx_word' id='word_1_214' title='bbox 606 2178 743 2216; x_wconf 82' lang='lat' dir='ltr'><strong>·Pars⁴</strong></span> <span class='ocrx_word' id='word_1_215' title='bbox 761 2181 923 2227; x_wconf 84' lang='lat' dir='ltr'><strong>superior</strong></span> <span class='ocrx_word' id='word_1_216' title='bbox 948 2182 1073 2217; x_wconf 86' lang='lat' dir='ltr'><strong>mundi</strong></span> <span class='ocrx_word' id='word_1_217' title='bbox 1101 2188 1139 2218; x_wconf 88' lang='lat' dir='ltr'><strong>et</strong></span> <span class='ocrx_word' id='word_1_218' title='bbox 1165 2182 1366 2218; x_wconf 84' lang='lat' dir='ltr'><strong>ordinatior</strong></span> <span class='ocrx_word' id='word_1_219' title='bbox 1392 2193 1436 2218; x_wconf 86' lang='lat' dir='ltr'><strong>ae</strong></span> <span class='ocrx_word' id='word_1_220' title='bbox 1461 2181 1667 2228; x_wconf 81' lang='lat' dir='ltr'><strong>propinqua</strong></span> <span class='ocrx_word' id='word_1_221' title='bbox 1696 2181 1878 2217; x_wconf 80' lang='lat' dir='ltr'><strong>sideribus</strong></span> 
     </span>
     <span class='ocr_line' id='line_1_28' title="bbox 606 2239 1880 2286; baseline 0 -13"><span class='ocrx_word' id='word_1_222' title='bbox 606 2249 672 2274; x_wconf 84' lang='lat' dir='ltr'><strong>nec</strong></span> <span class='ocrx_word' id='word_1_223' title='bbox 694 2239 730 2273; x_wconf 90' lang='lat' dir='ltr'><strong>in</strong></span> <span class='ocrx_word' id='word_1_224' title='bbox 755 2239 886 2274; x_wconf 87' lang='lat' dir='ltr'><strong>nubem</strong></span> <span class='ocrx_word' id='word_1_225' title='bbox 908 2239 1049 2286; x_wconf 81' lang='lat' dir='ltr'><strong>cogitur</strong></span> <span class='ocrx_word' id='word_1_226' title='bbox 1069 2251 1134 2274; x_wconf 80' lang='lat' dir='ltr'><strong>nec</strong></span> <span class='ocrx_word' id='word_1_227' title='bbox 1152 2240 1189 2275; x_wconf 90' lang='lat' dir='ltr'><strong>in</strong></span> <span class='ocrx_word' id='word_1_228' title='bbox 1205 2246 1465 2286; x_wconf 81' lang='lat' dir='ltr'><strong>tempestatem</strong></span> <span class='ocrx_word' id='word_1_229' title='bbox 1484 2251 1550 2275; x_wconf 88' lang='lat' dir='ltr'><strong>nec</strong></span> <span class='ocrx_word' id='word_1_230' title='bbox 1566 2246 1732 2275; x_wconf 83' lang='lat' dir='ltr'><strong>versatur</strong></span> <span class='ocrx_word' id='word_1_231' title='bbox 1749 2239 1785 2273; x_wconf 84' lang='lat' dir='ltr'><strong>in</strong></span> <span class='ocrx_word' id='word_1_232' title='bbox 1803 2244 1880 2274; x_wconf 87' lang='lat' dir='ltr'><strong>tur—</strong></span> 
     </span>
     <span class='ocr_line' id='line_1_29' title="bbox 606 2296 1879 2339; baseline 0.001 -8"><span class='ocrx_word' id='word_1_233' title='bbox 606 2296 750 2339; x_wconf 82' lang='lat' dir='ltr'><strong>binem;</strong></span> <span class='ocrx_word' id='word_1_234' title='bbox 777 2297 875 2331; x_wconf 87' lang='lat' dir='ltr'><strong>omni</strong></span> <span class='ocrx_word' id='word_1_235' title='bbox 899 2297 1059 2332; x_wconf 83' lang='lat' dir='ltr'><strong>tumultu</strong></span> <span class='ocrx_word' id='word_1_236' title='bbox 1080 2305 1190 2333; x_wconf 84' lang='lat' dir='ltr'><strong>caret.</strong></span> <span class='ocrx_word' id='word_1_237' title='bbox 1244 2298 1416 2333; x_wconf 84' lang='lat' dir='ltr'><strong>inferiora</strong></span> <span class='ocrx_word' id='word_1_238' title='bbox 1434 2297 1681 2332; x_wconf 79' lang='lat' dir='ltr'><strong>fulminantur.</strong></span> <span class='ocrx_word' id='word_1_239' title='bbox 1731 2296 1879 2332; x_wconf 84' lang='lat' dir='ltr'><strong>Eodem</strong></span> 
     </span>
     <span class='ocr_line' id='line_1_30' title="bbox 604 2342 1879 2402; baseline -0.001 -12"><span class='ocrx_word' id='word_1_240' title='bbox 604 2355 715 2390; x_wconf 84' lang='lat' dir='ltr'><strong>modo</strong></span> <span class='ocrx_word' id='word_1_241' title='bbox 732 2354 901 2389; x_wconf 83' lang='lat' dir='ltr'><strong>sublimis</strong></span> <span class='ocrx_word' id='word_1_242' title='bbox 917 2355 1072 2396; x_wconf 84' lang='lat' dir='ltr'><strong>animus,</strong></span> <span class='ocrx_word' id='word_1_243' title='bbox 1085 2342 1230 2400; x_wconf 70' lang='lat' dir='ltr'><strong>quie&#39;tus</strong></span> <span class='ocrx_word' id='word_1_244' title='bbox 1247 2367 1392 2402; x_wconf 79' lang='lat' dir='ltr'><strong>semper</strong></span> <span class='ocrx_word' id='word_1_245' title='bbox 1407 2360 1444 2390; x_wconf 82' lang='lat' dir='ltr'><strong>et</strong></span> <span class='ocrx_word' id='word_1_246' title='bbox 1458 2356 1494 2390; x_wconf 90' lang='lat' dir='ltr'><strong>in</strong></span> <span class='ocrx_word' id='word_1_247' title='bbox 1512 2355 1669 2390; x_wconf 76' lang='lat' dir='ltr'><strong>statione</strong></span> <span class='ocrx_word' id='word_1_248' title='bbox 1683 2354 1879 2400; x_wconf 69' lang='lat' dir='ltr'><strong>tranquilla</strong></span> 
     </span>
     <span class='ocr_line' id='line_1_31' title="bbox 603 2411 1880 2458; baseline 0.001 -11"><span class='ocrx_word' id='word_1_249' title='bbox 603 2412 815 2454; x_wconf 79' lang='lat' dir='ltr'><strong>collocatus.</strong></span> <span class='ocrx_word' id='word_1_250' title='bbox 841 2412 966 2448; x_wconf 75' lang='lat' dir='ltr'><strong>omnia</strong></span> <span class='ocrx_word' id='word_1_251' title='bbox 994 2413 1090 2448; x_wconf 82' lang='lat' dir='ltr'><strong>intra</strong></span> <span class='ocrx_word' id='word_1_252' title='bbox 1123 2424 1164 2448; x_wconf 88' lang='lat' dir='ltr'><strong>se</strong></span> <span class='ocrx_word' id='word_1_253' title='bbox 1195 2424 1365 2458; x_wconf 79' lang='lat' dir='ltr'><strong>premens</strong></span> <span class='ocrx_word' id='word_1_254' title='bbox 1399 2413 1530 2458; x_wconf 82' lang='lat' dir='ltr'><strong>quibus</strong></span> <span class='ocrx_word' id='word_1_255' title='bbox 1558 2412 1614 2448; x_wconf 81' lang='lat' dir='ltr'><strong>ira</strong></span> <span class='ocrx_word' id='word_1_256' title='bbox 1643 2411 1880 2456; x_wconf 81' lang='lat' dir='ltr'><strong>contrahitur,</strong></span> 
     </span>
     <span class='ocr_line' id='line_1_32' title="bbox 605 2469 1879 2516; baseline 0 -12"><span class='ocrx_word' id='word_1_257' title='bbox 605 2470 792 2505; x_wconf 79' lang='lat' dir='ltr'><strong>modestus</strong></span> <span class='ocrx_word' id='word_1_258' title='bbox 815 2474 853 2504; x_wconf 85' lang='lat' dir='ltr'><strong>et</strong></span> <span class='ocrx_word' id='word_1_259' title='bbox 877 2470 1094 2504; x_wconf 81' lang='lat' dir='ltr'><strong>venerabilis</strong></span> <span class='ocrx_word' id='word_1_260' title='bbox 1117 2476 1171 2505; x_wconf 66' lang='lat' dir='ltr'><strong>est</strong></span> <span class='ocrx_word' id='word_1_261' title='bbox 1196 2477 1232 2507; x_wconf 83' lang='lat' dir='ltr'><strong>et</strong></span> <span class='ocrx_word' id='word_1_262' title='bbox 1260 2470 1481 2516; x_wconf 83' lang='lat' dir='ltr'><strong>dispositus;</strong></span> <span class='ocrx_word' id='word_1_263' title='bbox 1518 2481 1675 2515; x_wconf 84' lang='lat' dir='ltr'><strong>quorum</strong></span> <span class='ocrx_word' id='word_1_264' title='bbox 1703 2469 1794 2504; x_wconf 86' lang='lat' dir='ltr'><strong>nihil</strong></span> <span class='ocrx_word' id='word_1_265' title='bbox 1825 2470 1879 2505; x_wconf 83' lang='lat' dir='ltr'><strong>in-</strong></span> 
     </span>
     <span class='ocr_line' id='line_1_33' title="bbox 603 2522 1880 2573; baseline 0 -10"><span class='ocrx_word' id='word_1_266' title='bbox 603 2528 728 2563; x_wconf 80' lang='lat' dir='ltr'><strong>venies</strong></span> <span class='ocrx_word' id='word_1_267' title='bbox 759 2528 795 2562; x_wconf 85' lang='lat' dir='ltr'><strong>in</strong></span> <span class='ocrx_word' id='word_1_268' title='bbox 826 2527 939 2562; x_wconf 85' lang='lat' dir='ltr'><strong>irato.&#39;</strong></span> <span class='ocrx_word' id='word_1_269' title='bbox 990 2527 1101 2563; x_wconf 84' lang='lat' dir='ltr'><strong>Unde</strong></span> <span class='ocrx_word' id='word_1_270' title='bbox 1126 2529 1176 2562; x_wconf 82' lang='lat' dir='ltr'><strong>ira</strong></span> <span class='ocrx_word' id='word_1_271' title='bbox 1205 2539 1279 2563; x_wconf 85' lang='lat' dir='ltr'><strong>non</strong></span> <span class='ocrx_word' id='word_1_272' title='bbox 1305 2529 1418 2563; x_wconf 83' lang='lat' dir='ltr'><strong>habet</strong></span> <span class='ocrx_word' id='word_1_273' title='bbox 1441 2528 1581 2573; x_wconf 86' lang='lat' dir='ltr'><strong>aliquid</strong></span> <span class='ocrx_word' id='word_1_274' title='bbox 1603 2522 1880 2573; x_wconf 68' lang='lat' dir='ltr'><strong>magnitudinis,</strong></span> 
     </span>
     <span class='ocr_line' id='line_1_34' title="bbox 603 2584 1879 2631; baseline 0 -11"><span class='ocrx_word' id='word_1_275' title='bbox 603 2584 803 2621; x_wconf 79' lang='lat' dir='ltr'><strong>secundum</strong></span> <span class='ocrx_word' id='word_1_276' title='bbox 839 2584 937 2631; x_wconf 87' lang='lat' dir='ltr'><strong>quod</strong></span> <span class='ocrx_word' id='word_1_277' title='bbox 972 2584 1062 2620; x_wconf 88' lang='lat' dir='ltr'><strong>dicit</strong></span> <span class='ocrx_word' id='word_1_278' title='bbox 1097 2585 1131 2620; x_wconf 90' lang='lat' dir='ltr'><strong>in</strong></span> <span class='ocrx_word' id='word_1_279' title='bbox 1162 2585 1283 2631; x_wconf 85' lang='lat' dir='ltr'><strong>primo</strong></span> <span class='ocrx_word' id='word_1_280' title='bbox 1310 2585 1414 2620; x_wconf 87' lang='lat' dir='ltr'><strong>libro.</strong></span> <span class='ocrx_word' id='word_1_281' title='bbox 1481 2584 1563 2621; x_wconf 68' lang='lat' dir='ltr'><strong>‘Ne</strong></span> <span class='ocrx_word' id='word_1_282' title='bbox 1589 2585 1678 2621; x_wconf 88' lang='lat' dir='ltr'><strong>illud</strong></span> <span class='ocrx_word' id='word_1_283' title='bbox 1701 2584 1879 2631; x_wconf 81' lang='lat' dir='ltr'><strong>quidem⁵</strong></span> 
     </span>
     <span class='ocr_line' id='line_1_35' title="bbox 600 2642 1879 2689; baseline 0.001 -12"><span class='ocrx_word' id='word_1_284' title='bbox 600 2643 839 2689; x_wconf 84' lang='lat' dir='ltr'><strong>judicandum</strong></span> <span class='ocrx_word' id='word_1_285' title='bbox 866 2649 932 2685; x_wconf 79' lang='lat' dir='ltr'><strong>est,</strong></span> <span class='ocrx_word' id='word_1_286' title='bbox 961 2642 1100 2689; x_wconf 87' lang='lat' dir='ltr'><strong>aliquid</strong></span> <span class='ocrx_word' id='word_1_287' title='bbox 1128 2643 1216 2678; x_wconf 85' lang='lat' dir='ltr'><strong>iram</strong></span> <span class='ocrx_word' id='word_1_288' title='bbox 1248 2644 1294 2678; x_wconf 89' lang='lat' dir='ltr'><strong>ad</strong></span> <span class='ocrx_word' id='word_1_289' title='bbox 1329 2643 1621 2689; x_wconf 84' lang='lat' dir='ltr'><strong>magnitudinem</strong></span> <span class='ocrx_word' id='word_1_290' title='bbox 1648 2643 1760 2679; x_wconf 87' lang='lat' dir='ltr'><strong>animi</strong></span> <span class='ocrx_word' id='word_1_291' title='bbox 1790 2654 1879 2679; x_wconf 88' lang='lat' dir='ltr'><strong>con·</strong></span> 
     </span>
     <span class='ocr_line' id='line_1_36' title="bbox 605 2700 1879 2746; baseline 0.002 -12"><span class='ocrx_word' id='word_1_292' title='bbox 605 2700 704 2735; x_wconf 82' lang='lat' dir='ltr'><strong>ferre.</strong></span> <span class='ocrx_word' id='word_1_293' title='bbox 755 2700 839 2735; x_wconf 84' lang='lat' dir='ltr'><strong>Non</strong></span> <span class='ocrx_word' id='word_1_294' title='bbox 868 2701 966 2735; x_wconf 86' lang='lat' dir='ltr'><strong>enim</strong></span> <span class='ocrx_word' id='word_1_295' title='bbox 992 2705 1049 2736; x_wconf 86' lang='lat' dir='ltr'><strong>est</strong></span> <span class='ocrx_word' id='word_1_296' title='bbox 1074 2700 1137 2735; x_wconf 88' lang='lat' dir='ltr'><strong>illa</strong></span> <span class='ocrx_word' id='word_1_297' title='bbox 1165 2701 1394 2746; x_wconf 83' lang='lat' dir='ltr'><strong>magnitudo,</strong></span> <span class='ocrx_word' id='word_1_298' title='bbox 1423 2708 1547 2736; x_wconf 84' lang='lat' dir='ltr'><strong>tumor</strong></span> <span class='ocrx_word' id='word_1_299' title='bbox 1574 2706 1641 2736; x_wconf 79' lang='lat' dir='ltr'><strong>est.</strong></span> <span class='ocrx_word' id='word_1_300' title='bbox 1694 2701 1773 2737; x_wconf 85' lang='lat' dir='ltr'><strong>Nee</strong></span> <span class='ocrx_word' id='word_1_301' title='bbox 1797 2712 1879 2737; x_wconf 82' lang='lat' dir='ltr'><strong>cor·</strong></span> 
     </span>
     <span class='ocr_line' id='line_1_37' title="bbox 604 2757 1878 2805; baseline 0.002 -13"><span class='ocrx_word' id='word_1_302' title='bbox 604 2758 752 2805; x_wconf 84' lang='lat' dir='ltr'><strong>poribus</strong></span> <span class='ocrx_word' id='word_1_303' title='bbox 781 2758 886 2802; x_wconf 85' lang='lat' dir='ltr'><strong>copia</strong></span> <span class='ocrx_word' id='word_1_304' title='bbox 912 2758 1030 2801; x_wconf 73' lang='lat' dir='ltr'><strong>vitiosi</strong></span> <span class='ocrx_word' id='word_1_305' title='bbox 1061 2757 1225 2794; x_wconf 88' lang='lat' dir='ltr'><strong>humoris</strong></span> <span class='ocrx_word' id='word_1_306' title='bbox 1256 2759 1403 2794; x_wconf 85' lang='lat' dir='ltr'><strong>intentis</strong></span> <span class='ocrx_word' id='word_1_307' title='bbox 1434 2760 1583 2794; x_wconf 78' lang='lat' dir='ltr'><strong>morbus</strong></span> <span class='ocrx_word' id='word_1_308' title='bbox 1612 2760 1878 2795; x_wconf 81' lang='lat' dir='ltr'><strong>incrementum</strong></span> 
     </span>
     <span class='ocr_line' id='line_1_38' title="bbox 604 2814 1880 2862; baseline 0.001 -11"><span class='ocrx_word' id='word_1_309' title='bbox 604 2821 670 2857; x_wconf 83' lang='lat' dir='ltr'><strong>cst,</strong></span> <span class='ocrx_word' id='word_1_310' title='bbox 696 2815 757 2851; x_wconf 66' lang='lat' dir='ltr'><strong>sed</strong></span> <span class='ocrx_word' id='word_1_311' title='bbox 789 2814 963 2861; x_wconf 82' lang='lat' dir='ltr'><strong>pestilens</strong></span> <span class='ocrx_word' id='word_1_312' title='bbox 987 2815 1223 2852; x_wconf 79' lang='lat' dir='ltr'><strong>abundantia.</strong></span> <span class='ocrx_word' id='word_1_313' title='bbox 1276 2816 1419 2852; x_wconf 82' lang='lat' dir='ltr'><strong>Omnes</strong></span> <span class='ocrx_word' id='word_1_314' title='bbox 1447 2828 1543 2862; x_wconf 86' lang='lat' dir='ltr'><strong>quos</strong></span> <span class='ocrx_word' id='word_1_315' title='bbox 1575 2827 1702 2852; x_wconf 78' lang='lat' dir='ltr'><strong>vecors</strong></span> <span class='ocrx_word' id='word_1_316' title='bbox 1733 2816 1880 2852; x_wconf 81' lang='lat' dir='ltr'><strong>animus</strong></span> 
     </span>
    </p>
   </div>
   <div class='ocr_carea' id='block_1_4' title="bbox 641 2891 1778 2964">
    <p class='ocr_par' dir='ltr' id='par_1_6' title="bbox 641 2891 1778 2964">
     <span class='ocr_line' id='line_1_39' title="bbox 641 2891 1778 2926; baseline 0.001 -9"><span class='ocrx_word' id='word_1_317' title='bbox 641 2891 648 2907; x_wconf 76' lang='lat'>²</span> <span class='ocrx_word' id='word_1_318' title='bbox 669 2891 712 2917; x_wconf 74' lang='lat' dir='ltr'><strong>De</strong></span> <span class='ocrx_word' id='word_1_319' title='bbox 726 2891 882 2924; x_wconf 54' lang='lat' dir='ltr'><strong>Clementia,</strong></span> <span class='ocrx_word' id='word_1_320' title='bbox 897 2891 912 2918; x_wconf 91' lang='lat' dir='ltr'><strong>i.</strong></span> <span class='ocrx_word' id='word_1_321' title='bbox 926 2900 970 2918; x_wconf 62' lang='grc' dir='ltr'><strong>πο.</strong></span> <span class='ocrx_word' id='word_1_322' title='bbox 1094 2891 1104 2906; x_wconf 74' lang='lat'><strong>‘⁴</strong></span> <span class='ocrx_word' id='word_1_323' title='bbox 1123 2891 1165 2919; x_wconf 80' lang='lat' dir='ltr'><strong>De</strong></span> <span class='ocrx_word' id='word_1_324' title='bbox 1176 2892 1232 2923; x_wconf 74' lang='lat' dir='ltr'><strong>Im,</strong></span> <span class='ocrx_word' id='word_1_325' title='bbox 1249 2893 1276 2919; x_wconf 63' lang='lat' dir='ltr'><strong>ii,</strong></span> <span class='ocrx_word' id='word_1_326' title='bbox 1290 2901 1334 2926; x_wconf 79' lang='lat'><strong>3²-</strong></span> <span class='ocrx_word' id='word_1_327' title='bbox 1603 2891 1613 2907; x_wconf 78' lang='lat'><strong>³</strong></span> <span class='ocrx_word' id='word_1_328' title='bbox 1634 2891 1667 2920; x_wconf 72' lang='grc' dir='ltr'><strong>ὦ.</strong></span> <span class='ocrx_word' id='word_1_329' title='bbox 1681 2891 1718 2919; x_wconf 88' lang='lat' dir='ltr'><strong>iii.</strong></span> <span class='ocrx_word' id='word_1_330' title='bbox 1733 2900 1778 2926; x_wconf 75' lang='lat'><strong>2⁵·</strong></span> 
     </span>
     <span class='ocr_line' id='line_1_40' title="bbox 942 2930 1556 2964; baseline 0 -2"><span class='ocrx_word' id='word_1_331' title='bbox 942 2935 950 2951; x_wconf 82' lang='lat'>⁸</span> <span class='ocrx_word' id='word_1_332' title='bbox 971 2935 1006 2962; x_wconf 65' lang='lat' dir='ltr'><strong>fh.</strong></span> <span class='ocrx_word' id='word_1_333' title='bbox 1021 2935 1059 2963; x_wconf 90' lang='lat' dir='ltr'><strong>iii.</strong></span> <span class='ocrx_word' id='word_1_334' title='bbox 1072 2936 1099 2964; x_wconf 82' lang='lat'><strong>6.</strong></span> <span class='ocrx_word' id='word_1_335' title='bbox 1403 2936 1413 2952; x_wconf 78' lang='lat'><strong>³</strong></span> <span class='ocrx_word' id='word_1_336' title='bbox 1432 2936 1466 2963; x_wconf 70' lang='lat' dir='ltr'><strong>ile.</strong></span> <span class='ocrx_word' id='word_1_337' title='bbox 1483 2930 1556 2963; x_wconf 53' lang='lat' dir='ltr'><strong>iiao.</strong></span> 
     </span>
    </p>
   </div>
  </div>
 </body>
</html>
