2350 3580
592 716 660 750 216
858 717 1031 750 OPERIS
1057 717 1267 757 MAIORIS
1292 717 1421 750 PARS
1447 717 1613 751 SEXTA.

592 807 639 842 ad
681 817 792 852 quam
838 807 1032 844 intendunt
1073 807 1180 844 multi
1217 806 1381 844 fidelium
1416 807 1729 855 philosophorum,
1772 806 1876 843 nimi:

593 864 815 900 Aristoteles
831 870 868 901 et
892 866 999 902 turba
1021 865 1138 901 multa
1160 870 1355 901 auctorum
1373 865 1594 911 judiciorum
1614 869 1809 906 astrorum,
1827 869 1875 900 ut

595 921 672 968 ipse
690 922 792 966 dicit,
808 928 847 959 et
864 934 931 959 nos
950 923 1086 959 scimus
1104 934 1170 970 per
1186 922 1373 970 proprium
1396 922 1624 967 exercitium,
1641 921 1699 958 cui
1720 926 1874 958 eontra-

595 979 664 1015 dici
698 991 772 1015 non
807 985 939 1027 potest.
1002 980 1054 1017 Et
1084 980 1178 1017 haec
1211 979 1392 1027 sapientia
1416 980 1566 1017 inventa
1591 986 1648 1017 est
1672 979 1709 1014 in
1732 990 1873 1027 purum

593 1037 797 1072 remedium
810 1037 994 1074 humanae
1008 1038 1236 1084 ignorantiae
1249 1044 1289 1073 et
1298 1037 1585 1084 imprudentiae:
1609 1037 1758 1073 difficile
1767 1037 1872 1083 enim

593 1099 650 1130 est
679 1093 815 1130 habere
843 1094 1085 1131 instrumenta
1112 1096 1361 1131 astronomiae
1385 1101 1485 1131 certa
1510 1101 1547 1130 et
1572 1093 1804 1139 sufficienter,
1830 1098 1874 1130 et

594 1151 778 1188 difficilius
801 1159 858 1189 eet
883 1152 1018 1189 habere
1041 1152 1189 1190 tabulas
1214 1153 1427 1194 verificatur.
1452 1153 1649 1199 praecipue
1673 1152 1709 1188 in
1733 1151 1874 1198 quibus

594 1209 641 1244 sit
684 1216 808 1246 motus
848 1210 1081 1257 planetarum
1114 1217 1302 1257 aequatus.
1353 1210 1405 1245 Et
1443 1209 1597 1245 difficilis
1638 1214 1695 1245 est
1735 1208 1873 1245 harum

593 1266 801 1303 tabularum
828 1279 926 1311 usus,
950 1269 1016 1303 sed
1041 1267 1228 1304 difficilior
1255 1279 1343 1303 usus
1372 1268 1707 1303 instrumentorum.
1762 1265 1874 1303 Haec

592 1330 716 1360 autern
737 1325 890 1361 scientia
917 1324 1150 1361 definitiones
1174 1330 1214 1361 et
1229 1323 1241 1345 ¹
1265 1324 1345 1361 vias
1364 1324 1565 1367 adinvenit,
1593 1335 1658 1370 per
1682 1335 1776 1370 quas
1799 1335 1873 1361 ex-

591 1381 717 1427 pedite
741 1381 790 1416 ad
815 1393 961 1419 omnem
988 1382 1243 1428 quaestionem
1279 1383 1511 1427 respondeat,
1536 1389 1714 1427 quantum
1743 1386 1874 1427 potest

593 1439 844 1486 philosophiae
859 1440 1052 1486 singularis
1070 1440 1282 1486 proprietas,
1301 1444 1339 1475 et
1356 1450 1423 1486 per
1439 1437 1552 1486 quaa²
1569 1440 1743 1475 ostendat
1759 1439 1872 1474 nobis

595 1495 828 1542 figurationes
851 1496 1068 1532 coelestium
1083 1497 1284 1541 virtutum3
1309 1502 1347 1532 et
1369 1496 1627 1543 impressiones
1652 1495 1871 1537 coelestium

593 1554 629 1588 in
661 1553 731 1589 hoc
766 1555 914 1596 mundo.
948 1554 1023 1590 sine
1057 1555 1271 1591 difficultate
1303 1555 1550 1591 astronomiae
1582 1554 1766 1601 vulgatae.
1819 1553 1874 1590 Et

593 1611 684 1647 haec
708 1623 793 1658 pars
823 1612 1028 1657 judicativa
1057 1612 1169 1647 habet
1194 1617 1354 1658 quatuor
1379 1612 1517 1648 radices
1552 1612 1784 1659 principales,
1804 1623 1874 1648 neu

594 1668 761 1705 scientias
778 1674 946 1705 secretas-

407 1736 577 1764 Attmnom
646 1725 770 1772 Opera
795 1737 881 1762 vero
901 1726 1010 1772 hujus
1030 1726 1214 1768 scientiae,
1241 1737 1336 1773 quae
1355 1727 1556 1763 ostendunt
1585 1726 1875 1774 philosophiam,

406 1772 573 1836 fufeffiffim'
595 1783 744 1829 quidam
770 1789 948 1819 testantur
974 1795 1052 1819 esse
1077 1785 1112 1818 in
1137 1785 1354 1819 alteratione
1374 1785 1541 1830 regionis,
1558 1790 1597 1819 ut
1625 1795 1746 1820 mores
1772 1784 1874 1832 vulgi

407 1845 535 1880 nneeting
595 1840 806 1884 alterentur,
830 1842 877 1876 de
901 1842 1034 1887 quibus
1059 1842 1281 1877 Alexandro
1305 1843 1493 1887 quaerenti
1523 1843 1572 1877 ab
1597 1840 1800 1878 Aristotele
1823 1843 1875 1878 de

407 1881 553 1909 character.
593 1899 764 1944 gentibus
797 1910 888 1945 quas
923 1899 1068 1943 invenit,
1099 1911 1146 1936 an
1172 1911 1236 1934 eos
1265 1899 1525 1934 exterminaret
1552 1905 1701 1946 propter
1725 1910 1873 1936 morum

595 1955 786 1995 feritatem.
803 1968 850 1991 an
877 1956 1103 2003 permitteret
1125 1968 1190 1992 eos
1209 1957 1341 1999 vivere,
1356 1957 1434 2003 ipse
1461 1956 1681 1992 Aristoteles
1706 1956 1874 2003 philoso-

593 2013 748 2059 phorum
770 2014 1003 2049 doctissimus
1027 2014 1063 2049 in
1087 2014 1180 2049 libro
1205 2014 1436 2050 Secretorum
1456 2014 1653 2060 respondit,
1676 2013 1740 2050 53³
1764 2019 1876 2061 poten

595 2071 751 2107 alterare
768 2082 889 2107 aerem
910 2071 1081 2118 ipsorum,
1100 2072 1272 2117 permitte
1293 2082 1356 2108 eos
1381 2072 1525 2115 vivere;
1550 2072 1578 2108 si
1607 2082 1692 2115 non,
1707 2071 1875 2108 interfice

595 2140 668 2166 eos.
716 2129 842 2165 Voluit
872 2129 966 2166 enirn
994 2130 1094 2176 quod
1117 2141 1179 2165 aer
1200 2141 1325 2165 eorum
1350 2131 1471 2176 potuit
1495 2129 1638 2166 alterari
1663 2130 1814 2172 utiliter,
1830 2135 1875 2166 ut

594 2186 868 2232 complexiones
895 2198 1088 2232 corporum
1117 2198 1245 2222 eorum
1283 2187 1492 2230 altercatur,
1518 2192 1556 2222 et
1594 2188 1726 2223 deinde
1758 2187 1876 2223 animi

593 2244 744 2280 excitati
770 2256 835 2290 per
859 2245 1132 2291 complexiones
1159 2245 1330 2280 elicerent
1360 2245 1481 2280 bonos
1506 2256 1627 2280 mores
1656 2256 1706 2280 ex
1734 2245 1875 2282 arbitrii

595 2301 761 2337 libertate
776 2314 783 2344 ;
817 2308 855 2337 et
870 2301 943 2338 hoc
959 2308 1017 2338 est
1034 2313 1148 2337 unum
1164 2312 1215 2337 ex
1232 2301 1390 2338 secretis.

641 2358 803 2404 Quidam
830 2370 917 2395 vero
941 2359 1023 2405 plus
1045 2359 1250 2395 assentiunt
1263 2358 1278 2380 ⁴
1304 2359 1339 2394 in
1365 2358 1582 2396 alteratione
1598 2371 1663 2407 per
1678 2359 1807 2403 solem,
1824 2361 1875 2397 de

594 2416 728 2462 quihus
746 2421 801 2452 est
817 2417 1030 2463 exemplum
1057 2417 1272 2452 Aristotelis
1299 2418 1450 2452 dicentis
1465 2418 1515 2452 ad
1535 2417 1806 2461 Alexandrum,
1823 2418 1875 2453 da

595 2474 752 2510 calidum
779 2485 895 2520 grano
920 2474 1069 2520 plantae
1094 2474 1130 2509 in
1157 2484 1265 2509 usum
1292 2474 1347 2510 cui
1374 2474 1541 2515 volueris.
1561 2480 1596 2510 et
1623 2475 1701 2520 ipse
1725 2475 1874 2512 obediet

595 2531 659 2567 tibi
702 2536 781 2568 toto
826 2537 991 2578 tempore
1023 2533 1121 2568 vitae
1154 2538 1253 2568 tuae.
1314 2531 1478 2578 Quidam
1515 2536 1658 2577 ponunt
1694 2537 1734 2568 ut
1765 2543 1872 2568 exer-

594 2589 687 2624 citus
719 2589 957 2635 obstupescat
991 2594 1028 2624 et
1062 2589 1178 2635 fugiat
1208 2590 1254 2625 de
1288 2590 1419 2635 quibus
1444 2589 1666 2625 Aristoteles
1703 2590 1790 2625 dicit
1823 2591 1873 2626 ad

629 2684 639 2702 ¹
659 2685 841 2713 definitiones
852 2691 890 2718 et.
906 2693 959 2713 om.
974 2685 1003 2712 in
1014 2685 1043 2718 J.

628 2728 640 2744 ¹
657 2736 711 2763 per
728 2737 812 2763 quam
832 2730 997 2759 ostendent,
1008 2729 1034 2762 J.
1085 2729 1121 2756 0.
1142 2729 1196 2755 lus
1215 2737 1268 2763 per
1285 2737 1370 2763 quam
1390 2730 1530 2762 ostendat,
1551 2730 1601 2756 but
1622 2730 1634 2757 1
1654 2730 1737 2757 think
1756 2739 1827 2765 qun
1847 2731 1874 2758 ia

593 2772 681 2800 called
695 2773 748 2801 for.

629 2817 640 2833 ³
659 2818 704 2845 Cl'.
719 2818 775 2845 vol.
789 2819 805 2844 i.
820 2826 846 2853 p.
860 2825 922 2852 393.

630 2862 639 2877 ⁸
657 2861 685 2894 J.
701 2862 797 2888 leuve·
815 2869 830 2887 ι
848 2861 942 2887 hiatus
959 2861 1037 2887 here.
1074 2861 1137 2888 The
1150 2862 1271 2896 reading
1283 2862 1352 2888 here
1372 2862 1454 2896 given
1470 2862 1482 2888 1
1495 2862 1607 2889 believe
1618 2866 1649 2890 to
1663 2863 1698 2891 be
1711 2863 1774 2891 tlt-t
1790 2864 1824 2892 of
1835 2864 1874 2893 0.

594 2904 701 2938 though
721 2905 770 2932 the
789 2904 849 2933 MS.
866 2904 890 2932 ie
907 2905 1068 2932 somewhnt
1083 2904 1211 2933 defnced.
1248 2904 1312 2933 The
1324 2905 1405 2933 word
1423 2905 1587 2941 philosophi
1605 2906 1634 2933 in
1646 2906 1675 2940 J.
1688 2906 1714 2934 ia
1731 2907 1875 2944 certainly

595 2953 644 2976 not
658 2948 687 2975 in
701 2948 757 2975 this
772 2947 832 2975 MS.
