2350 3580
597 709 663 746 154
841 701 1014 736 OPERIS
1039 701 1250 742 MAIORIS
1275 701 1403 736 PARS
1430 701 1619 744 QUINTA.

595 790 644 827 de
659 801 735 837 qua
750 790 944 838 loquamur
959 791 1019 828 hie
1034 791 1072 828 in
1090 791 1195 838 aquis
1211 790 1405 828 fluminum
1423 797 1462 828 et
1478 791 1658 829 summm
1674 790 1872 835 numetis,

595 848 769 895 quoniam
786 848 872 886 licet
897 861 994 896 aqua
1018 848 1152 886 habeat
1173 849 1387 886 naturaliter
1409 848 1641 897 superficiem
1665 859 1872 885 convexam

596 905 806 951 ubicunque
843 906 894 942 sit
933 911 1085 954 propter
1119 906 1192 942 hoe
1234 906 1335 952 quod
1372 916 1517 952 semper
1551 905 1633 941 fluit
1666 905 1714 941 ad
1750 904 1873 941 locum

597 961 815 1003 inferiorem,
835 968 877 999 ut
902 963 939 999 in
966 963 1214 1010 superioribus
1240 968 1295 999 est
1319 962 1547 1000 declaratum
1561 961 1583 1006 ¹,
1603 967 1728 998 tamen
1754 972 1876 1009 aquae

596 1026 795 1057 consuetae
810 1020 848 1055 in
866 1020 1077 1057 fluminibus
1092 1026 1132 1057 et
1147 1020 1311 1057 fontibus
1334 1026 1375 1057 et
1399 1020 1553 1057 caeteris
1581 1019 1875 1057 concavitatibus

596 1078 697 1123 apud
715 1088 781 1113 uos
796 1077 932 1114 habent
952 1083 1132 1124 quantum
1154 1079 1204 1114 ad
1225 1089 1372 1113 sensum
1395 1077 1625 1123 superficiem
1648 1078 1874 1123 superiorem

596 1133 757 1181 planam.
796 1134 848 1171 Et
863 1145 1085 1181 quoeunque
1103 1134 1216 1170 modo
1234 1134 1430 1181 loquamur
1445 1139 1593 1181 oportet
1608 1134 1709 1181 quod
1726 1145 1784 1170 nes
1795 1134 1875 1170 visa

598 1192 636 1228 in
652 1203 750 1238 aqua
766 1199 942 1238 appareat
960 1192 1199 1239 propinquius
1216 1192 1324 1229 oculo
1347 1203 1457 1239 quam
1474 1192 1523 1227 sit
1543 1191 1623 1238 ejus
1638 1192 1740 1228 locus
1756 1202 1876 1234 verua.

597 1253 635 1285 et
666 1249 792 1294 major,
814 1250 909 1286 sicut
933 1255 1038 1295 patet
1065 1250 1101 1286 in
1132 1254 1290 1295 utraque
1319 1249 1545 1296 figuratione.
1597 1249 1649 1285 Et
1675 1249 1758 1285 ideo
1788 1252 1875 1295 piu-s

597 1307 730 1350 baculi,
746 1319 840 1354 quae
862 1311 920 1343 est
940 1308 978 1343 in
999 1319 1105 1353 aqua,
1123 1319 1196 1343 non
1220 1307 1413 1354 apparebit
1430 1307 1522 1343 visui
1541 1307 1577 1342 in
1601 1307 1814 1343 continuum
1836 1311 1876 1342 et

1354 1365 1533 1400 directum
1570 1363 1720 1400 alterius
1751 1364 1877 1410 partia.

1353 1422 1419 1456 sed
1443 1421 1683 1467 propinquius
1701 1421 1820 1464 oculu,
1836 1426 1877 1456 et

1353 1479 1440 1514 ideo
1458 1489 1607 1515 neeesse
1623 1483 1681 1514 eet
1703 1479 1875 1514 baculum

1281 1564 1282 1569 ,
1354 1546 1531 1582 apparere
1551 1536 1590 1571 In
1613 1535 1729 1582 figura
1755 1546 1877 1577 cur-ra.

1354 1599 1393 1629 et
1425 1593 1601 1638 angulari.
1633 1604 1677 1629 ac
1711 1593 1743 1628 si
1778 1596 1877 1628 esset

1354 1651 1492 1686 fractus
1508 1650 1545 1685 in
1564 1652 1727 1696 ingressu
1745 1661 1875 1696 aquae,

1356 1707 1458 1753 quod
1470 1713 1570 1753 patet
1581 1707 1616 1743 in
1627 1707 1753 1753 figura.
1772 1707 1874 1743 Nam

1354 1765 1404 1800 sit
1419 1764 1485 1810 sb
1510 1764 1674 1808 baculus,
1692 1776 1716 1799 a
1738 1764 1876 1808 oculus,

1354 1826 1392 1858 et
1415 1820 1440 1857 la
1457 1834 1494 1857 m
1515 1821 1726 1869 superficient
1747 1833 1879 1868 aquae,

1356 1879 1376 1915 b
1392 1878 1498 1916 faciet
1516 1880 1676 1926 speciem
1692 1891 1798 1916 suam
1817 1884 1876 1915 uh·

1356 1948 1427 1983 que
1447 1938 1494 1974 ad
1517 1949 1545 1978 c,
1563 1938 1625 1973 sed
1647 1949 1720 1973 non
1747 1937 1814 1972 ibit
1839 1937 1876 1972 in

1356 2007 1376 2030 ο
1410 2005 1476 2040 per
1510 1996 1687 2030 incessum
1725 1999 1878 2036 rectum.

1356 2053 1421 2088 sed
1463 2052 1649 2098 frangetur
1682 2053 1718 2087 in
1754 2052 1876 2088 medio

1356 2109 1541 2146 subtiliori
1565 2121 1678 2156 usque
1701 2121 1734 2151 a.
1758 2116 1798 2145 ut
1823 2109 1878 2145 in·

906 2192 963 2219 Fm
988 2192 1033 2228 ⁶9·
1357 2178 1481 2202 cessus
1524 2173 1645 2202 rectus
1689 2169 1736 2202 sit
1785 2168 1878 2202 inter

968 2213 974 2220 ’
1355 2225 1570 2260 fractionem
1585 2231 1621 2260 et
1635 2225 1877 2272 perpendicu-

605 2281 718 2317 larem
731 2281 937 2318 ducendam
952 2293 974 2317 a
988 2281 1069 2317 loco
1081 2281 1270 2317 fractionis
1283 2293 1379 2329 quae
1392 2288 1485 2329 estg
1494 2293 1523 2318 c.
1566 2281 1641 2318 Sed
1656 2294 1712 2318 res
1725 2288 1879 2329 apparet

606 2339 641 2374 in
659 2350 837 2375 concursu
857 2340 949 2375 radii
972 2339 1121 2374 visualis
1139 2350 1221 2376 cum
1250 2340 1410 2383 catheto,
1432 2346 1469 2375 et
1490 2340 1658 2376 cathetus
1683 2345 1740 2376 est
1765 2339 1786 2376 b
1805 2339 1880 2385 dp,

604 2402 717 2442 atque
741 2397 923 2432 concurrit
948 2397 1068 2431 radius
1086 2397 1235 2431 visualis
1252 2409 1276 2432 a
1292 2409 1310 2432 c
1329 2398 1365 2432 in
1383 2397 1412 2432 d
1425 2403 1563 2443 puncto
1581 2397 1727 2433 catheti.
1779 2397 1880 2443 Ergo

604 2454 626 2490 b
650 2454 866 2490 extremitas
892 2454 1011 2489 bacuIi
1030 2454 1216 2490 videbitur
1239 2454 1276 2490 in
1293 2454 1327 2498 d,
1345 2461 1383 2491 et
1407 2455 1536 2491 eodem
1562 2456 1672 2491 modo
1694 2453 1880 2501 quaelibet

605 2511 783 2557 particula
803 2511 919 2559 ipsius
934 2523 1030 2558 quae
1045 2517 1101 2548 est
1125 2512 1161 2547 in
1185 2523 1281 2559 aqua
1299 2513 1483 2549 videbitur
1501 2512 1536 2548 in
1554 2513 1694 2548 directo
1712 2512 1826 2560 ipsius
1843 2511 1880 2548 d.

607 2569 708 2614 Ergo
730 2573 848 2604 totum
875 2570 974 2614 quod
1001 2574 1057 2604 est
1083 2570 1121 2604 in
1139 2581 1236 2615 aqua
1252 2570 1446 2616 apparebit
1463 2569 1501 2604 in
1521 2570 1616 2605 linea
1634 2582 1656 2604 n
1674 2570 1706 2604 d.
1756 2569 1880 2616 Quare

605 2625 755 2661 baculus
781 2632 881 2662 totus
900 2626 1085 2662 videbitur
1114 2626 1150 2662 in
1168 2628 1239 2672 sn
1254 2626 1403 2670 diinea,
1419 2633 1456 2662 et
1478 2626 1562 2662 ideo
1589 2626 1625 2662 in
1652 2625 1746 2662 linea
1769 2639 1880 2663 curva

605 2682 766 2719 habente
783 2684 957 2730 angulum
977 2684 1012 2719 in
1028 2696 1065 2727 n,
1079 2690 1117 2719 et
1133 2685 1188 2719 sic
1203 2684 1341 2720 fractus
1358 2684 1561 2731 apparebit.
1598 2684 1647 2720 Et
1665 2696 1747 2719 cum
1765 2684 1880 2721 homo

606 2741 722 2788 possit
756 2742 881 2776 videre
914 2742 950 2776 in
983 2753 1090 2789 aqua,
1123 2748 1214 2777 tunc
1239 2753 1303 2789 per
1336 2742 1530 2777 artificium
1565 2742 1734 2777 debitum
1763 2742 1883 2777 sciens

606 2798 739 2834 morari
772 2798 866 2834 infra
897 2811 1032 2844 aquarn
1058 2800 1201 2835 videret
1235 2800 1405 2835 baculum
1441 2800 1596 2835 fractum
1627 2800 1663 2835 in
1687 2799 1883 2846 superficie

605 2855 708 2897 aeris,
726 2856 819 2892 sicut
842 2867 938 2892 nunc
954 2857 1054 2893 videt
1072 2857 1110 2892 in
1134 2867 1232 2903 aqua
1252 2863 1401 2903 propter
1419 2867 1596 2893 canonem
1614 2858 1816 2893 secundum
1834 2858 1883 2893 de

1073 2932 1082 2949 ³
1103 2933 1146 2960 Ci'.
1159 2932 1214 2960 vol.
1230 2933 1248 2960 i.
1263 2941 1290 2967 p.
1310 2933 1368 2966 158.
