2350 3580
832 706 960 740 PARS
987 706 1166 740 PRJMA:
1208 706 1306 740 cAP.
1333 707 1401 742 111.
1687 715 1754 752 433

474 795 603 831 aimilis
618 796 717 832 actio
739 796 826 832 hinc
850 801 888 832 et
910 796 1005 832 inde.
1057 796 1119 832 Ex
1143 808 1220 843 quo
1243 797 1410 844 sequitur
1432 798 1531 844 quod
1555 796 1755 844 improprie

474 852 609 890 dicitur
640 855 743 900 quod,
777 854 910 900 speciei
943 855 1133 900 generatio
1165 859 1223 890 est
1265 866 1331 901 per
1362 855 1459 890 viam
1493 855 1753 901 impmsssionis.

474 911 672 947 seeundum
704 911 805 958 quod
837 911 972 948 utimur
1001 911 1071 948 hoc
1098 912 1248 948 nornine
1275 918 1383 958 prout
1414 916 1470 948 est
1497 911 1687 958 impressio
1716 912 1754 948 in

473 967 597 1014 sigillo
624 973 662 1004 et
689 968 932 1018 hujusmodi.x
962 968 1026 1005 Sic
1051 969 1147 1004 enim
1176 970 1223 1003 ad
1252 969 1396 1005 literam
1424 968 1596 1014 intelligit
1622 969 1754 1017 vulgus

473 1026 614 1072 species
646 1026 806 1072 imprimi
835 1026 883 1062 ab
917 1026 1119 1073 agentibus
1144 1026 1211 1062 sed
1244 1038 1319 1062 non
1352 1031 1410 1063 est
1443 1027 1505 1062 ita.
1554 1026 1595 1062 Si
1629 1032 1752 1063 tamen

475 1081 614 1130 largius
627 1083 828 1130 accipiatur
843 1084 1045 1130 impressio,
1064 1090 1174 1131 prout
1193 1084 1438 1120 communiter
1458 1084 1582 1130 signat
1605 1094 1752 1120 omnem

473 1141 819 1178 transmutationem
852 1141 1028 1188 patientis
1063 1152 1130 1188 per
1165 1141 1347 1177 actionem
1382 1141 1536 1187 agentis.
1561 1141 1653 1178 sicut
1686 1141 1754 1178 ali-

473 1198 624 1244 quando
649 1199 881 1234 inveniuntur
908 1198 1143 1234 auctoritates
1170 1198 1285 1244 accipi
1316 1199 1416 1244 apud
1452 1199 1552 1245 ipsos
1583 1204 1754 1234 auctores

473 1253 530 1291 vel
549 1255 649 1302 apud
666 1257 892 1302 interpretes,
910 1261 997 1292 tunc
1012 1261 1139 1302 posset
1161 1256 1232 1291 dici
1260 1257 1361 1301 quod
1387 1267 1452 1301 per
1478 1257 1754 1302 impressionem

475 1311 580 1350 fieret
612 1314 761 1360 species.
826 1313 877 1351 Et
899 1313 953 1350 sic
977 1313 1148 1350 convenit
1179 1312 1458 1360 quodammodo
1487 1324 1571 1350 cum
1603 1314 1754 1361 impres-

475 1370 577 1406 sione
593 1371 710 1418 primo
728 1372 841 1408 modo
859 1371 979 1414 dicta;
1003 1371 1090 1406 licet
1105 1382 1181 1406 non
1199 1371 1361 1414 omnino,
1376 1372 1464 1416 quia
1481 1372 1645 1406 continet
1669 1383 1752 1406 eam

475 1428 570 1464 sicut
596 1429 800 1465 universale
824 1440 933 1464 suum
963 1428 1190 1475 particulare,
1221 1428 1312 1464 haec
1342 1428 1441 1463 enim
1475 1428 1666 1474 impressio
1696 1434 1754 1464 est

475 1487 730 1531 communiter,
744 1486 820 1522 sive
838 1485 902 1523 fiat
921 1485 1019 1523 actio
1035 1486 1071 1521 In
1088 1484 1280 1532 superficie
1301 1485 1378 1521 sive
1399 1486 1432 1521 in
1456 1485 1651 1532 profundo.
1703 1485 1754 1522 Et

475 1543 529 1579 sic
554 1554 640 1579 usus
668 1550 726 1579 est
750 1542 972 1581 Aristoteles
992 1554 1075 1580 cum
1105 1543 1195 1578 dicit
1219 1544 1383 1578 secundo
1407 1543 1455 1578 de
1479 1542 1629 1587 Anima,
1654 1544 1755 1590 quod

475 1612 605 1636 sensus
619 1602 771 1647 suscipit
788 1603 927 1648 species
942 1601 1181 1643 sensibilium,
1199 1601 1292 1636 sicut
1311 1612 1394 1636 cera
1420 1601 1581 1646 speciem
1605 1601 1729 1636 annuli
1745 1615 1755 1645 3

477 1658 755 1705 quodammodo
772 1659 867 1694 enirn
886 1664 942 1694 est
958 1657 1172 1698 similitudo.
1185 1657 1250 1693 sed
1265 1668 1339 1693 non
1352 1656 1481 1704 plena:
1505 1658 1605 1694 etsie
1618 1657 1756 1694 multae

476 1716 715 1752 auctoritates
732 1716 977 1758 inveniuntur,
992 1716 1092 1762 quod
1110 1714 1223 1750 modo
1240 1714 1379 1750 habent
1394 1715 1682 1751 similitudinem.

526 1773 620 1810 Cum
661 1774 772 1819 igitur
803 1774 906 1809 nullo
941 1773 1210 1820 praedictorum
1243 1773 1434 1808 modorum
1470 1773 1534 1809 fiat
1566 1773 1754 1818 generatio
1769 1776 1929 1814 animun

426 1834 430 1837 ’
476 1820 624 1878 speciei,
639 1830 872 1867 manifestum
899 1835 955 1866 est
979 1830 1080 1876 quod
1104 1831 1236 1876 quinto
1262 1830 1374 1865 modo
1401 1836 1549 1876 oportet,
1574 1830 1662 1872 fieri.
1685 1832 1754 1867 sci—
1767 1814 1903 1878 ffiffitfl„

476 1887 562 1924 licet
595 1899 659 1936 per
685 1900 808 1925 veram
840 1888 1133 1925 immutationem
1168 1893 1205 1924 et
1240 1887 1474 1924 eductionem
1507 1888 1555 1924 de
1589 1889 1754 1934 potentia
1768 1887 1867 1950 2:¹¹3?

476 1946 598 1984 activa
615 1947 787 1984 materiae
804 1946 987 1993 patientis.
1038 1945 1123 1980 Non
1145 1945 1244 1980 enim
1265 1944 1396 1990 aliquis
1421 1950 1476 1980 est
1501 1945 1596 1980 alius
1621 1946 1753 1980 modus
1767 1958 1847 1987 med
1860 1967 1896 1987 aa

475 2003 732 2050 excogitabilis
757 2009 900 2050 praeter
925 2004 1142 2050 praedictos,
1165 2008 1203 2038 et
1229 2003 1320 2038 haec
1344 2008 1401 2038 est
1425 2003 1609 2039 conclusio
1634 2003 1752 2038 tertia.
1768 1994 1916 2059 {gi-“¹¹²⁶

476 2060 530 2097 Et
556 2072 630 2098 uon
655 2066 711 2097 est
739 2061 860 2097 solum
888 2073 952 2107 per
977 2060 1074 2096 hunc
1102 2060 1250 2105 locum;
1283 2065 1387 2106 patet
1407 2059 1478 2096 hoc
1503 2071 1525 2096 a
1542 2060 1753 2096 divisione¹.

477 2118 554 2155 Sed
583 2119 826 2156 necessarium
855 2125 909 2155 est
937 2118 1019 2159 hoc,
1045 2118 1221 2164 quoniam
1248 2117 1399 2154 effectus
1425 2117 1638 2154 naturaliter
1667 2117 1753 2154 facti

476 2176 648 2212 dicuntur
661 2176 824 2223 generari
842 2176 1041 2212 secundum
1061 2175 1301 2211 Aristotelem
1319 2176 1367 2211 de
1390 2176 1557 2220 potentia
1582 2175 1757 2210 materiae

477 2233 613 2276 activa,
630 2241 670 2269 ut
688 2246 819 2270 ornnes
836 2233 997 2269 fatentur
1012 2233 1091 2269 sine
1110 2233 1410 2268 contradictione.
1447 2231 1523 2268 Sed
1541 2233 1682 2279 species
1697 2239 1754 2268 est

477 2290 630 2328 effectus
650 2291 795 2339 agentis
818 2291 1006 2334 naturalis,
1026 2297 1063 2327 et
1088 2290 1304 2325 naturaliter
1329 2289 1527 2336 productus
1552 2296 1617 2333 est,
1643 2301 1756 2337 quare

477 2349 620 2395 species
661 2349 741 2397 ipsa
781 2348 892 2384 debet
926 2348 972 2383 de
1006 2349 1172 2394 potentia
1208 2348 1383 2382 materiae
1417 2348 1595 2393 generari.
1659 2347 1756 2383 Item

478 2407 665 2452 potentiae
707 2407 913 2453 receptivae
954 2406 1153 2452 respondet
1195 2404 1303 2440 dator
1345 2403 1494 2447 formae,
1532 2410 1568 2440 et
1607 2403 1667 2440 hic
1701 2411 1756 2441 est

479 2462 635 2500 Creator
647 2475 655 2506 ;
688 2475 802 2511 quare
821 2463 851 2500 ni
880 2464 917 2499 in
944 2463 1097 2499 materia
1122 2469 1219 2499 esset
1240 2462 1405 2509 potentia
1429 2461 1548 2498 solum
1573 2463 1756 2509 receptiva

477 2522 693 2568 specierum,
725 2527 814 2557 tunc
846 2531 1064 2568 poneremus
1098 2521 1133 2555 in
1167 2521 1276 2556 rebus
1321 2519 1546 2554 naturalibus
1585 2520 1754 2555 datorem

479 2579 690 2622 sennarum,
708 2584 835 2614 contra
853 2578 1065 2614 Aristotel&
1083 2579 1290 2613 doctrinam
1305 2591 1314 2620 ;
1341 2589 1427 2623 ergo
1444 2588 1516 2612 non
1538 2575 1601 2612 fiet
1616 2578 1757 2623 species

479 2635 517 2671 in
534 2635 700 2682 potentia
719 2636 912 2682 receptiva,
926 2628 990 2672 sed'
1008 2636 1054 2672 de
1068 2636 1234 2682 potentia
1252 2635 1373 2671 activa
1390 2635 1561 2670 materiae
1582 2634 1758 2671 naturalis

479 2704 545 2730 seu
570 2693 752 2740 patientis.
816 2692 868 2730 Et
883 2693 1017 2730 iterum
1037 2699 1139 2739 patet
1157 2704 1205 2729 ex
1222 2692 1330 2729 dictis
1347 2691 1447 2737 quod
1465 2692 1554 2727 haec
1570 2692 1685 2729 virtus
1701 2697 1757 2729 est

478 2751 608 2788 adem
644 2761 728 2786 cum
764 2751 892 2786 effectu
927 2750 1123 2796 completo.
1178 2750 1247 2785 Illa
1283 2749 1381 2785 enim
1416 2749 1457 2785 fit
1494 2750 1573 2795 ipse
1605 2750 1757 2785 effectus

478 2809 686 2855 completus
701 2809 850 2855 quando
877 2819 990 2854 agens
1017 2806 1216 2851 invalescit,
1234 2813 1271 2843 et
1299 2807 1381 2842 ideo
1407 2806 1505 2842 idern
1532 2808 1599 2843 erit
1626 2806 1756 2843 modus

481 2865 707 2913 producendi
752 2865 926 2902 effectum
977 2865 1087 2901 istum
1130 2864 1394 2912 incompletum
1436 2871 1474 2901 et
1518 2865 1756 2911 completum.

840 2940 850 2957 ¹
870 2940 1025 2976 additione,
1040 2940 1126 2976 λος,
1141 2948 1158 2967 ι
1170 2940 1320 2976 divisione,
1334 2940 1372 2968 Ο.
