2350 3580
467 1079 474 1086 .
492 1058 574 1086 Acci·

500 1094 539 1123 tul
557 1103 618 1130 ruys

446 1130 613 1168 proceeding

629 500 697 543 464
923 500 1023 534 MUL
1029 499 1210 533 TIPLICA
1217 499 1295 532 Tlo
1321 498 1605 532 SPECIERUM.

629 600 778 625 nervum
792 589 936 635 linguae
948 590 1202 625 continuatum
1217 589 1380 625 flexuose
1394 589 1568 635 usquead
1583 599 1707 635 prope
1717 600 1808 631 cor;
1833 590 1914 635 quia

631 659 769 694 organa
793 647 967 683 radicalia
998 649 1149 686 istarum
1177 648 1332 699 duarum
1359 647 1537 682 virtutum
1567 652 1659 682 sunt
1697 657 1820 692 prope
1848 657 1914 687 cor,

632 710 673 739 ut
700 704 918 749 Aristoteles
943 706 1034 741 dicit
1063 705 1156 741 libro
1184 706 1232 741 de
1256 704 1503 741 Animalibus.
1554 704 1747 739 Similiter
1776 705 1915 749 species

632 762 798 798 omnium
829 763 1053 798 sensibilium
1084 763 1222 799 vadunt
1249 763 1297 798 ad
1323 773 1394 805 cor,
1418 763 1506 808 quia
1531 762 1581 797 ibi
1611 766 1671 797 est
1703 761 1914 798 radicaliter

631 821 744 856 virtus
777 821 958 862 sensitiva,
983 821 1076 857 sicut
1103 820 1324 856 Aristoteles
1356 827 1393 856 et
1418 820 1615 856 Avicenna
1644 819 1914 855 determinant.

632 877 707 913 Sed
730 878 830 913 nervi
853 878 906 921 sic
922 890 944 913 a
965 878 1132 913 sensibus
1153 889 1268 924 usque
1288 878 1336 913 ad
1359 889 1424 913 cor
1446 877 1592 913 extensi
1613 877 1761 912 habent
1781 877 1914 912 multas

630 934 894 978 flexuositates,
918 941 956 970 et
987 937 1072 972 ideo
1100 937 1242 982 species
1272 936 1409 971 incedit
1440 946 1503 981 per
1527 934 1664 970 lineam
1694 939 1913 970 tortuosam.

633 992 685 1028 Et
701 992 771 1028 hoc
788 992 956 1028 Alhazen
973 994 1195 1029 determinat
1213 994 1250 1029 in
1269 993 1432 1039 pluribus
1449 992 1538 1027 locis
1556 993 1592 1028 in
1610 992 1712 1028 libro
1731 1004 1814 1028 suo.

679 1049 822 1096 Quinta
848 1062 937 1087 vero
963 1049 1070 1093 linea,
1098 1062 1210 1097 super
1241 1062 1352 1097 quam
1381 1051 1483 1087 vadit
1517 1051 1673 1096 species,
1706 1050 1838 1086 differt
1868 1050 1914 1086 ab

631 1107 800 1144 omnibus
823 1108 1017 1154 praedictis
1038 1109 1125 1155 quia
1147 1107 1285 1145 scilicet
1308 1119 1380 1144 non
1404 1108 1506 1143 venit
1526 1108 1575 1143 ab
1599 1113 1754 1154 agente,
1774 1109 1844 1144 sed
1869 1107 1914 1142 ab

446 1171 495 1195 not
503 1167 574 1194 from
583 1176 617 1194 an
630 1165 753 1211 aliqua
785 1166 1053 1212 praedictarum
1088 1165 1266 1202 linearum
1299 1171 1465 1212 quatuor,
1499 1171 1537 1201 et
1571 1165 1657 1201 ideo
1696 1177 1777 1201 non
1818 1156 1914 1201 venit

445 1202 536 1238 object
548 1204 597 1231 but

445 1239 517 1283 stom
529 1248 547 1267 ι

445 1284 567 1312 Pflmss'!

444 1320 503 1349 ray.

631 1235 654 1259 a
682 1233 720 1258 re
749 1222 902 1259 faciente
931 1224 1104 1270 speciem,
1133 1224 1198 1259 sed
1228 1235 1250 1260 a
1279 1224 1407 1270 specie.
1457 1223 1596 1259 Verum
1625 1223 1778 1269 species
1807 1234 1915 1269 super

631 1291 714 1316 eam
737 1282 932 1317 decurrens
952 1287 1009 1317 est
1028 1283 1170 1327 species
1191 1282 1334 1328 speciei,
1351 1282 1444 1317 sicut
1468 1280 1534 1316 lux
1557 1281 1593 1315 in
1617 1280 1764 1326 angulo
1781 1282 1913 1316 domus

631 1339 732 1374 venit
754 1350 777 1374 a
798 1340 900 1375 radio
923 1339 1031 1375 solari
1054 1340 1209 1375 cadente
1232 1350 1298 1385 per
1317 1339 1523 1374 fenestram.
1571 1338 1672 1374 Nam
1695 1339 1829 1375 radius
1855 1338 1914 1374 ille

629 1396 731 1431 venit
763 1408 785 1432 a
813 1396 891 1432 sole
918 1408 1029 1443 super
1058 1396 1192 1432 lineam
1222 1403 1359 1431 rectam
1390 1395 1542 1432 fractam
1571 1395 1630 1431 vel
1655 1395 1914 1439 reflexam,-et

630 1454 714 1489 ideo
735 1459 790 1489 est
813 1454 1068 1500 multiplicatio
1091 1454 1309 1501 principalis.
1359 1453 1434 1490 Sed
1461 1455 1529 1489 ista
1547 1453 1623 1495 lux,
1639 1465 1742 1499 quae
1764 1465 1788 1489 a
1810 1454 1913 1490 radio

631 1511 729 1547 venit
751 1512 799 1547 ad
817 1518 939 1558 partes
955 1511 1046 1548 alias
1068 1513 1210 1555 domus,
1231 1517 1287 1548 est
1308 1511 1564 1557 multiplicatio
1584 1511 1849 1555 accidentalis;
1876 1517 1913 1547 et

632 1570 731 1615 quod
749 1570 897 1605 omnino
915 1569 987 1605 alia
1002 1570 1049 1606 sit
1063 1569 1319 1616 multiplicatio
1332 1569 1423 1605 haec
1438 1581 1462 1605 a
1477 1569 1683 1615 praedictis,
1695 1580 1774 1605 non
1792 1569 1912 1605 solum

632 1632 736 1673 patet
761 1638 826 1674 per
849 1628 1045 1673 praedicta,
1071 1627 1134 1663 sed
1163 1639 1228 1673 per
1252 1627 1322 1662 hoc
1347 1627 1447 1672 quod
1472 1626 1599 1662 oculus
1623 1638 1690 1672 per
1719 1638 1809 1662 eam
1838 1639 1913 1663 non

631 1685 770 1721 videbit
791 1696 903 1731 agens
919 1685 1126 1731 principale,
1144 1686 1208 1721 sed
1232 1685 1311 1730 ejus
1327 1685 1486 1731 speciem
1504 1684 1746 1731 principalem
1772 1692 1910 1721 rectam

632 1742 689 1777 vel
716 1742 867 1778 fractam
891 1742 949 1778 vel
974 1742 1162 1784 reflexam,
1188 1742 1363 1788 quoniam
1388 1741 1517 1777 oculus
1543 1742 1580 1777 in
1609 1741 1749 1788 angulo
1777 1743 1912 1778 domus

632 1811 707 1836 non
729 1801 831 1836 videt
851 1800 977 1842 solem,
996 1801 1060 1836 sed
1083 1800 1225 1836 radium
1248 1801 1439 1836 cadentem
1457 1811 1523 1846 per
1546 1800 1712 1834 foramen
1732 1800 1794 1835 vel
1812 1800 1910 1836 fene-

630 1863 744 1893 stram
774 1857 830 1893 vel
860 1857 969 1893 aliam
1002 1864 1223 1904 aperturam.
1274 1857 1386 1903 Quod
1419 1858 1449 1893 si
1482 1862 1642 1903 ponatur
1674 1857 1723 1892 ad
1764 1858 1910 1893 radium

631 1912 1015 1959 principalem,videbit
1025 1913 1140 1948 solem
1155 1924 1163 1955 ;
1181 1918 1218 1948 et
1232 1913 1368 1948 Plinius
1381 1912 1468 1947 dicit
1482 1912 1645 1952 secundo
1658 1911 1911 1953 Naturalium,

631 1977 668 2005 et
688 1971 800 2020 scit-ur
822 1982 888 2017 per
907 1971 1183 2017 experientiam,
1200 1972 1299 2016 quod
1323 1969 1451 2006 oculus
1472 1969 1633 2004 existens
1657 1969 1694 2004 in
1719 1969 1910 2015 profundo

631 2028 733 2074 putei
758 2028 859 2063 videt
884 2029 1009 2064 stellas
1038 2028 1133 2064 fixas
1163 2029 1209 2063 de
1239 2029 1308 2071 die,
1332 2028 1419 2073 quia
1449 2027 1541 2063 radii
1569 2026 1657 2062 solis
1682 2027 1910 2074 principales

631 2096 704 2120 non
727 2087 865 2121 cadunt
882 2085 918 2121 in
943 2091 1108 2132 puteum,
1124 2085 1188 2121 sed
1212 2085 1454 2121 accidentales
1477 2089 1643 2127 tantum;
1667 2090 1706 2120 et
1730 2084 1819 2121 ideo
1838 2097 1910 2121 non

631 2143 829 2189 impeditur
857 2143 983 2179 oculus
1017 2144 1053 2179 in
1082 2144 1309 2179 contuitione
1338 2142 1525 2178 stellarum
1557 2152 1622 2186 per
1651 2142 1775 2177 radios
1807 2144 1910 2188 prin-

629 2201 766 2246 cipales
789 2212 913 2237 earum
935 2202 1109 2238 cadentes
1129 2201 1165 2235 in
1188 2207 1362 2246 puteum;
1388 2199 1452 2235 sed
1474 2198 1638 2234 existens
1657 2199 1692 2234 in
1712 2200 1912 2246 superficie

632 2259 729 2304 putei
756 2258 884 2304 recipit
908 2258 1210 2304 impedimentum
1238 2269 1302 2304 per
1326 2258 1447 2293 radios
1472 2256 1689 2303 principales
1718 2257 1820 2301 solis,
1847 2260 1909 2305 qui

629 2321 715 2352 sunt
737 2316 905 2351 fortiores
927 2315 1034 2362 longe
1050 2326 1163 2361 quam
1181 2316 1272 2351 radii
1296 2314 1515 2361 principales
1537 2314 1737 2358 stellarum,
1754 2322 1911 2361 propter

627 2373 727 2419 quod
752 2373 980 2409 occultantur
1002 2385 1024 2408 a
1046 2374 1135 2416 visu,
1158 2374 1243 2419 quia
1266 2373 1383 2418 major
1404 2372 1471 2408 lux
1496 2373 1690 2409 abscondit
1711 2372 1909 2409 minorem.

629 2430 737 2476 Quae
762 2430 873 2465 etiam
904 2430 1162 2476 multiplicatio
1191 2430 1427 2467 accidentalis
1456 2431 1659 2478 specierum
1688 2430 1908 2467 coelestium

628 2516 710 2554 walls
729 2515 763 2542 os
777 2515 826 2542 the
845 2514 930 2542 skull.
967 2514 1049 2549 They
1069 2523 1156 2550 were,
1177 2516 1323 2548 however,
1343 2520 1395 2542 not
1417 2516 1484 2544 thus
1502 2517 1568 2544 shut
1589 2515 1632 2543 off
1646 2515 1718 2542 from
1739 2515 1790 2542 the
1811 2516 1908 2548 beart,

628 2559 724 2587 which
743 2567 814 2592 was,
832 2567 990 2592 momover,
1006 2558 1088 2586 made
1107 2559 1141 2585 of
1156 2560 1204 2587 the
1223 2568 1301 2586 same
1319 2559 1471 2586 substance
1489 2569 1522 2587 aa
1541 2559 1723 2591 themselves,
1742 2559 1799 2586 and
1820 2560 1908 2587 could

629 2603 773 2631 therefore
787 2602 894 2637 readily
908 2602 1034 2637 respond
1048 2606 1078 2628 to
1088 2602 1164 2628 their
1176 2602 1293 2630 motion.
1331 2602 1385 2635 As,
1399 2602 1479 2637 then,
1494 2603 1533 2630 all
1546 2603 1601 2630 five
1614 2610 1715 2630 nenses
1726 2602 1803 2630 nlike
1821 2603 1908 2630 could

628 2646 834 2674 communiente
852 2646 928 2673 their
945 2645 1070 2673 motion:
1085 2648 1115 2672 to
1135 2646 1185 2672 the
1204 2646 1294 2678 beart,
1307 2646 1394 2673 while
1412 2646 1482 2680 only
1495 2647 1577 2673 three
1597 2645 1680 2673 could
1694 2646 1907 2674 communiente

628 2691 706 2718 them
719 2694 749 2717 to
762 2690 811 2717 the
824 2690 915 2722 brairi,
928 2690 977 2716 the
992 2690 1073 2716 beart
1086 2688 1142 2716 and
1156 2693 1206 2716 not
1219 2689 1268 2716 the
1281 2689 1359 2716 brain
1371 2693 1446 2716 must
1459 2690 1495 2716 be
1508 2690 1556 2717 the
1569 2688 1723 2716 amodum
1735 2690 1907 2718 commune-⁹

629 2733 657 2762 It
664 2733 724 2761 will
733 2733 769 2761 be
782 2733 905 2767 noticed,
919 2733 1065 2766 however,
1079 2732 1142 2760 that
1154 2731 1253 2760 Baton
1267 2740 1328 2759 was
1340 2736 1391 2760 not
1404 2733 1537 2768 ignorant
1550 2732 1584 2760 os
1592 2740 1705 2760 nex-vet.
