2350 3580
619 689 836 723 MORALJS
861 688 1189 722 PHILOSOPHIA
1202 701 1214 721 :
1252 689 1381 722 PARS
1405 688 1608 730 QUARTA.
1686 698 1750 734 371

480 778 518 813 in
533 777 606 815 fide
614 778 823 817 Christiana
835 779 998 823 stabunt.
1010 778 1095 816 licet
1105 790 1191 816 cum
1203 779 1423 816 difficultate
1434 785 1583 826 propter
1596 779 1753 816 sumi-em

479 838 753 881 persecutionis.
805 838 883 875 Sex
907 838 1017 884 igitur
1039 843 1126 873 sunt
1149 837 1250 883 leges
1269 838 1470 875 seeundum
1490 837 1585 874 hane
1604 837 1755 872 distinc-

479 894 621 931 tionem
644 901 682 932 et
703 907 775 932 sex
795 897 997 932 secundum
1012 897 1181 942 priorem,
1200 908 1313 943 penes
1335 895 1574 942 voluptatem.
1596 895 1755 938 divitias,

480 949 670 997 honorem,
702 954 917 1000 potentiam,
954 952 1101 996 famam,
1134 964 1179 989 ac
1222 951 1434 990 felicitatem
1474 952 1624 989 alterius
1657 951 1756 987 vitae

482 1008 660 1054 neglectis
675 1010 699 1046 h
715 1023 733 1047 s
750 1011 858 1047 bonis
874 1010 1148 1058 temporalibus.

531 1065 650 1112 Atqui
666 1068 835 1114 superius
847 1067 871 1110 ¹,
889 1068 927 1103 in
943 1068 1223 1114 comparatione
1243 1067 1533 1104 Mathematicae
1554 1067 1603 1103 ad
1626 1066 1756 1102 Eccle-
1771 1071 1931 1100 connexion

481 1123 586 1164 siam,
613 1126 800 1162 revolutae
824 1132 908 1162 suut
933 1132 1057 1162 sectae
1088 1126 1293 1162 secundum
1319 1127 1396 1162 vias
1423 1126 1693 1168 Astronomiae,
1713 1108 1887 1173 et'sse‘u‘h-‘oe

483 1181 655 1220 inventae
686 1189 773 1220 sunt
805 1194 884 1227 sex,
921 1189 962 1220 ut
994 1183 1059 1220 lex
1092 1182 1254 1228 Saturni,
1287 1183 1349 1219 lex
1383 1183 1525 1227 Martis,
1554 1182 1617 1219 lex
1650 1181 1758 1223 Solis,
1772 1181 1818 1210 '⁵¹

484 1239 547 1275 lex
563 1239 728 1285 Venetis,
745 1241 806 1276 lex
825 1241 1010 1284 Mercurii,
1033 1241 1097 1276 lex
1114 1241 1254 1276 Lunae.
1305 1241 1632 1286 Qualitercumque
1649 1240 1760 1286 igitur
1773 1217 1929 1282 ssim..

483 1302 602 1333 sectas
635 1298 914 1344 distinguamus,
938 1299 1166 1334 inveniemus
1199 1309 1345 1344 semper
1376 1310 1456 1334 sex.
1506 1298 1607 1334 Nam
1638 1297 1760 1344 prima

484 1360 522 1390 et
555 1354 767 1402 principalis
797 1355 987 1392 distinctio
1019 1355 1119 1391 haec'
1134 1361 1191 1391 est
1216 1367 1344 1402 penes*
1363 1355 1552 1402 planetas;
1583 1355 1629 1391 ad
1657 1354 1758 1391 illam

484 1417 687 1459 sequuntur
709 1412 812 1454 aliae,
843 1413 1017 1460 quoniam
1050 1412 1221 1450 coelestis
1248 1414 1362 1449 virtus
1391 1413 1543 1449 inclinat
1570 1412 1759 1448 hominem

484 1469 534 1504 ad
568 1470 690 1516 legum
726 1471 1006 1516 susceptionem,
1034 1475 1099 1506 aut
1134 1472 1297 1514 omnino,
1323 1476 1387 1506 aut
1421 1475 1463 1506 ut
1497 1470 1667 1514 multum,
1695 1474 1759 1505 aut

486 1533 527 1563 ut
565 1526 706 1564 facilius
737 1528 991 1574 suscipiantur.
1052 1527 1151 1563 Nam
1191 1528 1275 1564 licet
1309 1516 1431 1564 a'nima
1465 1527 1652 1564 rationalis
1676 1537 1759 1564 ,non

486 1585 634 1631 cogitur
656 1586 705 1622 ad
729 1585 841 1630 aliud,
858 1591 994 1628 tamen,
1018 1591 1059 1622 ut
1081 1586 1248 1632 superius
1270 1591 1326 1622 est
1341 1580 1758 1628 verificatum.‚tnu1turn

487 1643 665 1680 alteratur
688 1643 901 1689 complexio
925 1642 1084 1681 hmninis
1103 1643 1151 1678 ad
1175 1643 1359 1686 scientias,
1374 1643 1423 1678 ad
1447 1653 1566 1685 mores
1585 1648 1636 1681 ει·
1645 1643 1759 1688 leges.

485 1701 621 1747 quibua
644 1701 921 1737 alterationibus
944 1701 1068 1736 anima
1099 1701 1285 1736 excitatur
1309 1701 1346 1736 in
1370 1707 1548 1747 quantum
1573 1706 1630 1736 est
1656 1706 1760 1736 actus

487 1752 663 1805 corporis,
672 1765 711 1795 et
721 1758 906 1794 inducitur
915 1758 961 1794 ad
974 1763 1079 1794 actus
1089 1757 1259 1804 publicos
1271 1763 1308 1794 et
1320 1757 1478 1805 privatos
1488 1768 1553 1805 per
1562 1757 1758 1794 coelestem

488 1814 811 1858 constellationem,
828 1816 930 1851 salva
947 1816 984 1850 in
1006 1816 1181 1852 omnibus
1196 1816 1336 1852 arbitrii
1354 1815 1522 1852 libertate
1532 1813 1554 1852 ¹.
1606 1815 1657 1852 Et
1673 1816 1761 1851 inde

488 1873 620 1909 accidit
666 1875 777 1920 quod,
817 1874 1019 1910 secundum
1069 1874 1345 1919 conjunctiones
1394 1873 1497 1918 Jovis
1547 1884 1630 1908 cum
1681 1873 1761 1908 aliis

489 1929 659 1978 planetis,
673 1943 742 1967 sex
756 1931 921 1980 oriuntur
931 1931 967 1967 in
981 1932 1152 1968 cordibus
1169 1931 1360 1967 hominum
1372 1931 1623 1967 innovationes
1637 1929 1760 1976 legum

489 1994 529 2025 et
560 1989 875 2032 consuetudinum„
908 1989 1003 2024 sicut
1034 1989 1202 2035 superius
1234 1994 1289 2025 est
1325 1994 1505 2024 notatum.
1557 1988 1607 2024 Et
1641 1988 1763 2034 plures

488 2051 613 2082 sectae
629 2057 701 2080 non
720 2051 875 2092 possunt
892 2057 974 2082 oese
990 2047 1059 2082 nisi
1073 2057 1163 2088 sex3
1190 2051 1228 2082 et
1248 2046 1445 2092 aliquando
1470 2046 1639 2082 homines
1656 2046 1763 2081 unius

488 2109 613 2139 sectae
638 2102 815 2139 inclinant
839 2115 879 2139 se
902 2105 951 2139 ad
980 2109 1118 2140 sectam
1148 2102 1309 2146 alterius,
1333 2110 1483 2150 propter
1512 2102 1763 2139 fortitudinem

489 2160 790 2205 constellationis.
807 2167 844 2197 et
861 2161 1060 2208 aliquando
1079 2167 1225 2197 mutant
1241 2167 1380 2197 sectam
1399 2161 1584 2207 propriam
1603 2161 1763 2204 omnino,

490 2218 549 2253 vel
590 2218 844 2266 principaliter,
879 2219 936 2254 vel
979 2219 1130 2254 miscent
1172 2219 1401 2254 conditiones
1436 2219 1588 2254 alterius
1630 2224 1765 2261 sectae,

490 2277 695 2312 secundum
728 2278 828 2322 quod
861 2278 1026 2314 diversae
1054 2277 1350 2312 constellationes
1381 2282 1584 2312 occurrunt.
1637 2277 1687 2312 Et
1712 2277 1765 2312 sic

489 2333 627 2370 accidit
659 2335 758 2380 quod
795 2333 886 2370 fiunt
919 2340 1039 2370 sectae
1071 2335 1300 2384 compositae
1331 2344 1381 2369 ex
1415 2334 1581 2380 partibus
1607 2333 1765 2381 plurium

492 2397 686 2428 sectarum.
755 2391 852 2427 Nam
892 2391 1063 2428 Saraceni
1097 2391 1183 2428 licet
1222 2391 1467 2438 principaliter
1503 2396 1653 2427 utuntur
1684 2390 1766 2437 lege

492 2448 670 2492 Venerea,
692 2454 818 2484 tamen
840 2449 992 2484 miscent
1018 2449 1174 2487 multum
1202 2449 1250 2484 de
1273 2449 1354 2495 lege
1379 2449 1603 2494 judaeorum
1625 2453 1663 2484 et
1686 2448 1768 2494 lege

494 2505 712 2548 Christiana.
755 2507 930 2552 quoniam
978 2507 1088 2542 variis
1137 2507 1432 2552 baptismatibus.
1482 2505 1577 2541 sicut
1624 2504 1767 2551 Judaei,

494 2569 657 2604 utuntur.
672 2569 711 2600 et
726 2562 911 2600 sacrificiis
933 2563 1185 2600 consimilibus
1203 2564 1239 2599 in
1266 2569 1381 2610 parte.
1432 2562 1617 2599 Christum
1641 2568 1767 2599 autern

493 2620 623 2657 dicunt
648 2621 781 2656 Filium
803 2620 974 2666 Virginis,
998 2626 1037 2656 et
1061 2622 1267 2657 maximum
1298 2620 1558 2666 prophetarum
1587 2626 1624 2656 et
1652 2620 1768 2656 multa

497 2678 721 2724 Evangelica
746 2679 844 2714 dicta
870 2679 1028 2714 retinent
1054 2679 1091 2714 in
1117 2689 1183 2714 sua
1209 2678 1301 2725 lege.
1325 2683 1364 2714 et
1396 2689 1526 2714 ornnes
1558 2678 1769 2714 desiderant

494 2734 590 2774 mori
609 2742 726 2772 morte
740 2734 1033 2772 Christianorum
1048 2751 1056 2778 ;
1078 2737 1172 2772 sicut
1188 2736 1223 2772 in
1234 2735 1485 2782 disputatione
1502 2746 1614 2782 quam
1628 2734 1767 2771 habue-

496 2798 583 2830 runt
607 2804 693 2830 cum
712 2792 929 2830 Christianis
953 2799 992 2830 et
1012 2794 1222 2830 idololatris
1246 2804 1369 2830 coram
1395 2804 1528 2840 magno
1552 2793 1769 2838 imperatore

493 2851 732 2888 Tartaron-um
750 2850 902 2897 professi
919 2856 1014 2894 sunt,
1032 2855 1072 2886 ut
1092 2851 1128 2885 in
1155 2851 1250 2886 libro
1274 2846 1321 2886 de
1345 2851 1507 2886 moribus
1532 2840 1769 2885 Tanai-<irum

607 2924 618 2944 ¹
637 2925 696 2954 See
707 2925 762 2954 vol.
779 2925 798 2955 i.
811 2934 859 2962 pp.
875 2927 1010 2962 254—269.
1310 2926 1321 2943 ¹
1340 2926 1384 2954 Cf.
1399 2926 1455 2954 vol.
1470 2925 1487 2954 i.
1501 2934 1548 2961 pp.
1562 2926 1698 2960 246452.
