2350 3580
589 743 958 776 PERSPECTJVAE
981 741 1111 777 PARS
1137 742 1360 777 SECUNDA
1376 755 1390 776 .-
1425 743 1548 777 DIST.
1565 743 1634 777 ΙΙΙ.
1692 751 1757 787 107

479 832 595 868 nubes
618 832 656 868 in
683 832 867 880 capitibus
892 832 1073 869 montium
1096 839 1134 869 et
1160 832 1352 870 cacumina
1375 834 1562 880 superiora
1587 832 1758 870 nubibus.

480 890 542 926 Ex
566 901 641 936 quo
664 890 850 927 concludit
866 890 1039 927 Alhazen
1060 891 1099 927 in
1121 891 1286 927 necundo
1308 891 1403 927 libro
1425 891 1526 938 quod
1549 891 1665 927 nubes
1684 901 1757 926 non

477 951 562 983 sunt
596 959 752 995 magnae
786 948 1001 992 altitudinis¹
1032 949 1205 996 quamvis
1235 959 1392 996 vapores
1426 948 1524 984 bene
1557 948 1759 985 ascendant

477 1017 593 1051 usque
608 1006 657 1041 ad
684 1017 795 1041 unum
821 1012 859 1042 et
883 1007 1152 1052 quinquaginta
1175 1006 1360 1050 milliaria,
1375 1006 1470 1042 sicut
1487 1007 1759 1042 demonstratur

477 1063 515 1099 in
534 1063 626 1099 libro
639 1064 686 1099 de
699 1063 729 1099 C
735 1063 944 1110 repusculis.
979 1063 1053 1100 Sed
1070 1074 1144 1100 non
1164 1074 1292 1100 omna
1303 1074 1458 1110 vapores
1475 1063 1615 1100 faciunt
1631 1062 1761 1107 nubes,

478 1120 546 1157 soli
564 1121 661 1157 enirn
679 1121 787 1167 aquei
803 1134 812 1164 ;
837 1128 875 1158 et
892 1133 966 1158 non
982 1133 1112 1158 ornnes
1128 1127 1215 1158 sunt
1230 1122 1383 1158 materia
1395 1121 1557 1164 nubium,
1572 1126 1760 1158 terrestres

476 1189 564 1213 vero
581 1179 692 1214 altius
708 1180 910 1214 ascendunt
930 1180 1098 1225 quamvis
1121 1180 1196 1214 sint
1221 1180 1414 1225 graviores,
1432 1179 1521 1224 quia
1542 1179 1682 1214 siccum
1702 1184 1759 1214 est

477 1236 684 1281 subjectum
708 1237 840 1272 caloris
857 1242 896 1272 et
918 1237 1012 1273 bene
1028 1237 1188 1273 calorem
1207 1238 1339 1273 retinet
1355 1241 1555 1283 postquam
1572 1237 1759 1282 receperit,

477 1299 519 1329 ut
544 1293 637 1340 lapis
663 1293 792 1330 melius
817 1305 930 1341 quarn
954 1294 1108 1342 lignum.
1160 1294 1252 1330 Inde
1273 1294 1409 1331 accidit
1430 1294 1532 1340 quod
1554 1293 1656 1330 calor
1672 1293 1759 1329 solis

477 1350 607 1387 sortior
648 1358 685 1388 et
725 1351 972 1388 abundantior
1013 1353 1192 1389 retinetur
1225 1352 1261 1388 in
1293 1351 1492 1398 vaporibus
1525 1352 1758 1388 terrestribus

477 1420 588 1454 quam
616 1410 755 1454 amieis,
783 1416 822 1445 et
849 1416 1001 1456 propter
1027 1410 1098 1446 hoc
1114 1410 1223 1446 altius
1241 1410 1443 1445 elevantur.
1495 1409 1603 1445 Nunc
1629 1414 1756 1444 autem

478 1476 524 1502 ne
550 1466 655 1502 fieret
684 1466 846 1513 objectio
875 1467 921 1503 de
950 1467 1144 1503 altitudine
1170 1467 1334 1510 nubium,
1365 1479 1431 1512 per
1455 1465 1755 1503 contrarietatem

475 1523 559 1558 libri
575 1524 624 1559 de
641 1523 888 1571 Crepusculis,
906 1524 973 1562 feci
992 1525 1215 1561 mentionem
1234 1526 1281 1561 de
1296 1525 1370 1561 hoe
1386 1524 1492 1561 libro.

526 1581 701 1617 Remotio
715 1581 727 1603 ²
746 1593 835 1628 ergo
850 1582 1171 1628 comprehenditur
1194 1583 1343 1628 quando
1365 1593 1518 1628 corpora
1543 1582 1756 1617 continuata
1772 1585 1914 1621 Difficulty

475 1643 561 1674 sunt
579 1638 675 1674 inter
689 1641 809 1674 visum
827 1645 863 1675 et
888 1651 974 1681 rem,
993 1645 1031 1676 et
1053 1641 1123 1676 hoc
1147 1640 1185 1674 in
1210 1639 1383 1676 mediocri
1403 1638 1589 1681 distantia,
1606 1646 1645 1675 et
1669 1644 1756 1674 tunc
1770 1623 1946 1695 {nzffgffi

477 1696 626 1743 quando
641 1697 741 1732 visus
758 1696 819 1733 illa
839 1708 994 1743 corpora
1010 1697 1201 1743 aspexerit
1224 1702 1262 1734 et
1285 1707 1472 1733 mensuras
1496 1707 1625 1733 eorum
1648 1696 1756 1732 certi·
1772 1695 1916 1724 dinume.

476 1753 650 1790 ficaverit.
701 1754 812 1800 Quod
830 1755 861 1789 si
883 1754 1023 1801 aliquid
1048 1755 1201 1792 istorum
1222 1754 1379 1790 defuerit
1399 1765 1475 1790 non
1498 1753 1758 1790 certificabitur

476 1812 644 1847 remotio.
703 1812 755 1847 Et
781 1814 937 1849 remotio
961 1813 1155 1848 mediocris
1181 1818 1347 1858 respectu
1372 1812 1483 1854 visus,
1510 1812 1545 1847 id
1572 1817 1628 1847 est
1652 1811 1756 1857 cujus

475 1869 662 1915 quantitas
684 1869 903 1906 certificatur
922 1882 946 1906 a
963 1871 1051 1912 visu,
1070 1876 1126 1906 est
1151 1871 1310 1906 remotio
1332 1871 1432 1916 apud
1457 1869 1561 1916 cujus
1585 1869 1756 1905 ultimum

476 1937 550 1962 non
570 1926 662 1963 latet
688 1927 803 1963 visum
828 1927 952 1974 aliqua
977 1939 1061 1974 pars
1088 1927 1183 1964 illius
1210 1927 1319 1974 spatii
1345 1927 1486 1964 habens
1510 1927 1757 1974 quantitatem

476 1985 685 2019 sensibilem
719 1985 766 2019 ad
801 1990 921 2020 totam
958 1987 1214 2021 remotionem.
1280 1985 1333 2020 Et
1372 1985 1528 2020 remotio
1563 1984 1757 2020 mediocris

476 2047 642 2087 respectu
669 2043 720 2077 rei
746 2043 855 2086 visae¹
880 2043 917 2078 in
943 2055 1017 2089 qua
1043 2044 1143 2079 visus
1168 2043 1445 2090 comprehendit
1474 2053 1586 2077 unam
1613 2047 1755 2088 partem

476 2099 526 2134 rei
544 2099 654 2142 visae,
669 2106 726 2136 est
747 2100 846 2147 apud
863 2100 966 2146 cujus
985 2100 1154 2136 ultimum
1173 2113 1249 2136 non
1268 2100 1356 2137 latet
1373 2111 1459 2147 pars
1475 2100 1572 2136 illius
1589 2100 1641 2136 rei
1656 2100 1756 2136 visae

475 2156 615 2192 habens
649 2158 921 2205 proportionem
957 2158 1165 2194 sensibilem
1201 2159 1248 2194 ad
1283 2159 1527 2205 quantitatem
1560 2157 1613 2193 rei
1643 2158 1755 2193 visae.

477 2214 650 2250 Remotio
666 2226 752 2250 vero
775 2227 868 2261 quae
888 2221 943 2251 est
960 2222 1067 2251 extra
1084 2217 1379 2252 mediocritatem
1400 2221 1567 2260 respectu
1585 2215 1683 2251 visus
1698 2221 1756 2251 est

475 2271 550 2315 illa,
565 2272 664 2318 apud
681 2273 786 2319 qu'us
803 2272 973 2309 ultimum
991 2274 1082 2310 latet
1102 2273 1290 2320 quantitas
1315 2273 1456 2309 habens
1480 2273 1754 2318 proportionem

476 2329 684 2366 sensibilem
710 2331 760 2365 ad
784 2336 903 2367 totam
929 2330 1031 2367 illarn
1057 2332 1311 2368 remotionem.
1367 2331 1419 2367 Et
1444 2331 1601 2367 remotio
1625 2330 1755 2368 intem-

475 2392 604 2432 perata
625 2393 792 2433 respectu
818 2389 868 2423 rei
889 2389 988 2423 visae
1012 2395 1081 2430 est,
1101 2399 1196 2433 quae
1221 2395 1345 2435 partes
1370 2388 1663 2436 proportionales
1686 2389 1755 2424 toti

475 2444 704 2491 proportioni
720 2444 882 2480 sensibili
899 2447 1094 2481 abscondit
1110 2458 1132 2481 a
1150 2447 1241 2482 visu.

524 2501 679 2538 Eri-atur
715 2514 803 2549 ergo
837 2504 884 2540 de
917 2503 1179 2540 certificatione
1210 2503 1408 2540 distantiae
1440 2509 1589 2551 propter
1622 2503 1754 2540 intem-

513 2613 521 2631 ¹
539 2614 610 2642 This
622 2615 647 2642 is
659 2616 770 2643 tre-ted
783 2616 817 2643 os
826 2616 855 2643 in
867 2616 997 2644 Alhuen
1010 2616 1072 2652 (lib.
1088 2618 1115 2644 ii.
1132 2626 1194 2653 cap.
1211 2625 1252 2651 rt,
1267 2625 1348 2653 prop.
1365 2625 1409 2651 aa,
1422 2624 1467 2651 2⁴·
1477 2624 1522 2651 25.
1537 2617 1595 2644 end
1607 2617 1666 2651 39).
1707 2616 1755 2644 He

475 2659 573 2693 points
590 2663 641 2685 out
661 2660 690 2685 in
710 2669 727 2685 ι
740 2669 806 2693 way
819 2660 879 2686 that
895 2661 992 2687 would
1012 2661 1048 2687 be
1068 2661 1143 2689 clear
1159 2661 1282 2695 enough.
1297 2669 1375 2689 were
1395 2660 1416 2687 it
1435 2663 1485 2686 not
1504 2660 1548 2687 lor
1563 2660 1608 2687 liis
1626 2664 1757 2689 extreme

475 2701 657 2734 diffuseness.
676 2702 737 2730 that
763 2711 817 2730 our
838 2704 969 2731 estimate
992 2703 1026 2731 os
1045 2704 1094 2732 the
1117 2704 1245 2732 distante
1270 2703 1303 2732 of
1321 2713 1356 2731 an
1381 2703 1474 2737 object
1494 2703 1625 2738 depende
1646 2713 1685 2732 on
1707 2704 1756 2732 the

475 2745 622 2772 existence
641 2745 675 2772 os
689 2754 706 2772 a
725 2745 817 2773 series
837 2746 870 2773 of
885 2746 1006 2774 familiar
1023 2749 1119 2782 things
1142 2746 1309 2782 interposed
1330 2746 1463 2774 between
1483 2748 1533 2775 the
1552 2755 1607 2782 eye
1629 2749 1685 2775 and
1706 2749 1756 2776 the

475 2789 578 2822 obJ‘eet.
618 2788 676 2816 We
692 2790 758 2823 gain
777 2797 812 2816 en
832 2790 963 2817 eetinute
981 2790 1014 2817 ol*
1029 2790 1079 2817 the
1097 2791 1225 2818 distance
1239 2790 1271 2817 os
1280 2790 1376 2824 things
1390 2791 1481 2818 round
1495 2799 1527 2818 us
1541 2790 1578 2825 by
1593 2791 1756 2826 measuring

475 2832 526 2859 the
544 2833 610 2859 time
630 2832 715 2859 taken
731 2833 759 2860 in
775 2833 901 2867 walking
917 2838 948 2860 to
966 2834 1050 2865 them.
1064 2842 1099 2862 or
1110 2834 1148 2868 by
1161 2835 1310 2862 reference
1329 2838 1360 2861 to
1375 2838 1454 2868 partu
1472 2834 1505 2862 os
1518 2842 1572 2862 our
1583 2842 1651 2862 own
1668 2834 1755 2871 body.

474 2883 508 2902 ns
525 2874 575 2902 the
593 2875 653 2902 suot
668 2884 704 2903 or
718 2875 806 2909 hand,
819 2885 850 2904 as
869 2885 1014 2904 messura
1027 2877 1059 2905 os
1068 2877 1125 2904 this
1139 2877 1276 2906 distance.
1316 2877 1414 2905 When
1432 2878 1484 2905 the
1501 2877 1628 2906 distance
1645 2878 1671 2905 is
1683 2886 1756 2914 very

475 2923 566 2954 great,
584 2918 642 2946 and
661 2927 699 2946 no
719 2920 790 2946 such
808 2919 899 2947 series
919 2920 952 2947 or
968 2921 1077 2955 obJeets
1097 2921 1121 2948 ie
1140 2921 1316 2956 interposed,
1334 2921 1384 2948 the
1403 2929 1459 2955 eye
1477 2921 1532 2951 hu
1551 2931 1590 2949 no
1608 2931 1708 2950 menne
1724 2922 1759 2951 oi

474 2962 667 2997 determining
679 2962 816 2991 distance.
855 2963 951 2992 nacon
966 2963 989 2992 is
1002 2964 1060 2992 less
1073 2964 1204 2998 verbose,
1219 2965 1275 2992 and
1290 2972 1370 2992 more
1381 2964 1465 2993 lucid.
