<?xml version="1.0" encoding="UTF-8"?>
<!DOCTYPE html PUBLIC "-//W3C//DTD XHTML 1.0 Transitional//EN"
    "http://www.w3.org/TR/xhtml1/DTD/xhtml1-transitional.dtd">
<html xmlns="http://www.w3.org/1999/xhtml" xml:lang="en" lang="en">
 <head>
  <title>
</title>
<meta http-equiv="Content-Type" content="text/html;charset=utf-8" />
  <meta name='ocr-system' content='tesseract 3.04.00' />
  <meta name='ocr-capabilities' content='ocr_page ocr_carea ocr_par ocr_line ocrx_word'/>
</head>
<body>
  <div class='ocr_page' id='page_1' title='image "./opusmajusrogerb00bridgoog/opusmajusrogerb00bridgoog_0490.png"; bbox 0 0 2350 3580; ppageno 0'>
   <div class='ocr_carea' id='block_1_1' title="bbox 634 488 1609 532">
    <p class='ocr_par' dir='ltr' id='par_1_1' title="bbox 634 488 1609 532">
     <span class='ocr_line' id='line_1_1' title="bbox 634 488 1609 532; baseline 0.004 -11"><span class='ocrx_word' id='word_1_1' title='bbox 634 488 704 532; x_wconf 77' lang='lat'>478</span> <span class='ocrx_word' id='word_1_2' title='bbox 928 489 1027 523; x_wconf 73' lang='grc' dir='ltr'>Μυι</span> <span class='ocrx_word' id='word_1_3' title='bbox 1033 490 1216 523; x_wconf 69' lang='lat' dir='ltr'>muca</span> <span class='ocrx_word' id='word_1_4' title='bbox 1223 490 1301 524; x_wconf 70' lang='lat' dir='ltr'>Tro</span> <span class='ocrx_word' id='word_1_5' title='bbox 1327 490 1609 525; x_wconf 69' lang='lat' dir='ltr'><em>SPECIERUM.</em></span> 
     </span>
    </p>
   </div>
   <div class='ocr_carea' id='block_1_2' title="bbox 632 580 1927 856">
    <p class='ocr_par' dir='ltr' id='par_1_2' title="bbox 632 580 1927 856">
     <span class='ocr_line' id='line_1_2' title="bbox 635 580 1926 627; baseline 0.002 -12"><span class='ocrx_word' id='word_1_6' title='bbox 635 580 798 626; x_wconf 88' lang='lat' dir='ltr'>tropicos</span> <span class='ocrx_word' id='word_1_7' title='bbox 814 580 965 617; x_wconf 74' lang='lat' dir='ltr'>venIunt</span> <span class='ocrx_word' id='word_1_8' title='bbox 981 581 1124 627; x_wconf 84' lang='lat' dir='ltr'>species</span> <span class='ocrx_word' id='word_1_9' title='bbox 1141 580 1302 617; x_wconf 83' lang='lat' dir='ltr'>directae</span> <span class='ocrx_word' id='word_1_10' title='bbox 1320 580 1416 617; x_wconf 84' lang='lat' dir='ltr'>ultra</span> <span class='ocrx_word' id='word_1_11' title='bbox 1433 592 1498 617; x_wconf 70' lang='lat' dir='ltr'>eos</span> <span class='ocrx_word' id='word_1_12' title='bbox 1515 586 1674 627; x_wconf 87' lang='lat' dir='ltr'>propter</span> <span class='ocrx_word' id='word_1_13' title='bbox 1688 581 1926 618; x_wconf 72' lang='lat' dir='ltr'>consimilem</span> 
     </span>
     <span class='ocr_line' id='line_1_3' title="bbox 634 637 1927 686; baseline 0.002 -14"><span class='ocrx_word' id='word_1_14' title='bbox 634 637 825 673; x_wconf 82' lang='lat' dir='ltr'>rationem.</span> <span class='ocrx_word' id='word_1_15' title='bbox 874 637 939 673; x_wconf 91' lang='lat' dir='ltr'>Ab</span> <span class='ocrx_word' id='word_1_16' title='bbox 958 637 1028 673; x_wconf 86' lang='lat' dir='ltr'>illis</span> <span class='ocrx_word' id='word_1_17' title='bbox 1043 643 1167 673; x_wconf 89' lang='lat' dir='ltr'>tamen</span> <span class='ocrx_word' id='word_1_18' title='bbox 1183 637 1300 674; x_wconf 80' lang='lat' dir='ltr'>stellis</span> <span class='ocrx_word' id='word_1_19' title='bbox 1317 637 1404 673; x_wconf 86' lang='lat' dir='ltr'>fixis</span> <span class='ocrx_word' id='word_1_20' title='bbox 1424 650 1520 685; x_wconf 90' lang='lat' dir='ltr'>quae</span> <span class='ocrx_word' id='word_1_21' title='bbox 1535 643 1623 673; x_wconf 89' lang='lat' dir='ltr'>sunt</span> <span class='ocrx_word' id='word_1_22' title='bbox 1646 644 1764 675; x_wconf 84' lang='lat' dir='ltr'>extra</span> <span class='ocrx_word' id='word_1_23' title='bbox 1782 640 1927 686; x_wconf 72' lang='lat' dir='ltr'>tropioe.</span> 
     </span>
     <span class='ocr_line' id='line_1_4' title="bbox 634 695 1926 742; baseline 0.002 -12"><span class='ocrx_word' id='word_1_24' title='bbox 634 700 791 740; x_wconf 83' lang='lat' dir='ltr'>possunt</span> <span class='ocrx_word' id='word_1_25' title='bbox 822 696 947 731; x_wconf 88' lang='lat' dir='ltr'>venire</span> <span class='ocrx_word' id='word_1_26' title='bbox 978 695 1300 742; x_wconf 82' lang='lat' dir='ltr'>perpendiculares</span> <span class='ocrx_word' id='word_1_27' title='bbox 1333 696 1381 731; x_wconf 90' lang='lat' dir='ltr'>ad</span> <span class='ocrx_word' id='word_1_28' title='bbox 1416 695 1497 731; x_wconf 88' lang='lat' dir='ltr'>loca</span> <span class='ocrx_word' id='word_1_29' title='bbox 1528 695 1740 738; x_wconf 87' lang='lat' dir='ltr'>climatum,</span> <span class='ocrx_word' id='word_1_30' title='bbox 1770 697 1926 742; x_wconf 87' lang='lat' dir='ltr'>quando</span> 
     </span>
     <span class='ocr_line' id='line_1_5' title="bbox 633 750 1922 798; baseline 0.002 -12"><span class='ocrx_word' id='word_1_31' title='bbox 633 750 773 787; x_wconf 85' lang='lat' dir='ltr'>scilicet</span> <span class='ocrx_word' id='word_1_32' title='bbox 806 757 994 788; x_wconf 85' lang='lat' dir='ltr'>transeunt</span> <span class='ocrx_word' id='word_1_33' title='bbox 1027 763 1153 788; x_wconf 88' lang='lat' dir='ltr'>earum</span> <span class='ocrx_word' id='word_1_34' title='bbox 1191 753 1334 798; x_wconf 81' lang='lat' dir='ltr'>species</span> <span class='ocrx_word' id='word_1_35' title='bbox 1365 763 1475 798; x_wconf 79' lang='lat' dir='ltr'>super</span> <span class='ocrx_word' id='word_1_36' title='bbox 1513 752 1629 788; x_wconf 74' lang='lat' dir='ltr'>linoes</span> <span class='ocrx_word' id='word_1_37' title='bbox 1663 753 1853 789; x_wconf 69' lang='lat' dir='ltr'>cadente·</span> <span class='ocrx_word' id='word_1_38' title='bbox 1886 755 1922 789; x_wconf 85' lang='lat' dir='ltr'>in</span> 
     </span>
     <span class='ocr_line' id='line_1_6' title="bbox 632 809 1210 856; baseline 0.005 -13"><span class='ocrx_word' id='word_1_39' title='bbox 632 814 797 844; x_wconf 83' lang='lat' dir='ltr'>centrum</span> <span class='ocrx_word' id='word_1_40' title='bbox 814 810 941 846; x_wconf 88' lang='lat' dir='ltr'>mundi</span> <span class='ocrx_word' id='word_1_41' title='bbox 957 820 1024 856; x_wconf 83' lang='lat' dir='ltr'>per</span> <span class='ocrx_word' id='word_1_42' title='bbox 1040 809 1121 846; x_wconf 86' lang='lat' dir='ltr'>loca</span> <span class='ocrx_word' id='word_1_43' title='bbox 1138 810 1210 846; x_wconf 83' lang='lat' dir='ltr'>illa.</span> 
     </span>
    </p>
   </div>
   <div class='ocr_carea' id='block_1_3' title="bbox 1106 950 1434 988">
    <p class='ocr_par' dir='ltr' id='par_1_3' title="bbox 1106 950 1434 988">
     <span class='ocr_line' id='line_1_7' title="bbox 1106 950 1434 988; baseline -0.009 0"><span class='ocrx_word' id='word_1_44' title='bbox 1106 950 1358 988; x_wconf 72' lang='lat' dir='ltr'>CAmmLUM</span> <span class='ocrx_word' id='word_1_45' title='bbox 1384 950 1434 986; x_wconf 90' lang='lat' dir='ltr'>V.</span> 
     </span>
    </p>
   </div>
   <div class='ocr_carea' id='block_1_4' title="bbox 964 1035 1571 1083">
    <p class='ocr_par' dir='ltr' id='par_1_4' title="bbox 964 1035 1571 1083">
     <span class='ocr_line' id='line_1_8' title="bbox 964 1035 1571 1083; baseline 0 -11"><span class='ocrx_word' id='word_1_46' title='bbox 964 1036 1120 1073; x_wconf 84' lang='lat' dir='ltr'>Habens</span> <span class='ocrx_word' id='word_1_47' title='bbox 1134 1042 1293 1083; x_wconf 88' lang='lat' dir='ltr'>quatuor</span> <span class='ocrx_word' id='word_1_48' title='bbox 1308 1035 1571 1072; x_wconf 78' lang='lat' dir='ltr'>conclusiones,</span> 
     </span>
    </p>
   </div>
   <div class='ocr_carea' id='block_1_5' title="bbox 445 1111 1918 2654">
    <p class='ocr_par' dir='ltr' id='par_1_5' title="bbox 445 1111 1918 2654">
     <span class='ocr_line' id='line_1_9' title="bbox 446 1111 1918 1159; baseline 0.005 -18"><span class='ocrx_word' id='word_1_49' title='bbox 446 1114 588 1144; x_wconf 69' lang='lat' dir='ltr'>Renexion</span> <span class='ocrx_word' id='word_1_50' title='bbox 678 1111 849 1148; x_wconf 90' lang='lat' dir='ltr'>Reflexio</span> <span class='ocrx_word' id='word_1_51' title='bbox 866 1124 963 1155; x_wconf 80' lang='lat' dir='ltr'>vero,</span> <span class='ocrx_word' id='word_1_52' title='bbox 982 1119 1022 1149; x_wconf 91' lang='lat' dir='ltr'>ut</span> <span class='ocrx_word' id='word_1_53' title='bbox 1039 1113 1179 1149; x_wconf 89' lang='lat' dir='ltr'>dictum</span> <span class='ocrx_word' id='word_1_54' title='bbox 1203 1118 1268 1156; x_wconf 83' lang='lat' dir='ltr'>est,</span> <span class='ocrx_word' id='word_1_55' title='bbox 1285 1118 1342 1149; x_wconf 91' lang='lat' dir='ltr'>est</span> <span class='ocrx_word' id='word_1_56' title='bbox 1367 1112 1556 1159; x_wconf 87' lang='lat' dir='ltr'>generatio</span> <span class='ocrx_word' id='word_1_57' title='bbox 1581 1112 1676 1148; x_wconf 88' lang='lat' dir='ltr'>radii</span> <span class='ocrx_word' id='word_1_58' title='bbox 1703 1113 1742 1148; x_wconf 90' lang='lat' dir='ltr'>in</span> <span class='ocrx_word' id='word_1_59' title='bbox 1770 1119 1918 1159; x_wconf 85' lang='lat' dir='ltr'>partem</span> 
     </span>
     <span class='ocr_line' id='line_1_10' title="bbox 446 1150 1917 1217; baseline 0.001 -12"><span class='ocrx_word' id='word_1_60' title='bbox 446 1150 598 1216; x_wconf 55' lang='grc' dir='ltr'>ζῖοηδξὰὴ,</span> <span class='ocrx_word' id='word_1_61' title='bbox 627 1171 846 1206; x_wconf 84' lang='lat' dir='ltr'>contrariam</span> <span class='ocrx_word' id='word_1_62' title='bbox 863 1171 1024 1206; x_wconf 86' lang='lat' dir='ltr'>incessus</span> <span class='ocrx_word' id='word_1_63' title='bbox 1041 1170 1233 1207; x_wconf 89' lang='lat' dir='ltr'>incidentis</span> <span class='ocrx_word' id='word_1_64' title='bbox 1249 1180 1358 1215; x_wconf 87' lang='lat' dir='ltr'>super</span> <span class='ocrx_word' id='word_1_65' title='bbox 1374 1180 1507 1216; x_wconf 89' lang='lat' dir='ltr'>corpus</span> <span class='ocrx_word' id='word_1_66' title='bbox 1525 1170 1681 1206; x_wconf 88' lang='lat' dir='ltr'>densum</span> <span class='ocrx_word' id='word_1_67' title='bbox 1703 1171 1917 1217; x_wconf 84' lang='lat' dir='ltr'>impediens</span> 
     </span>
     <span class='ocr_line' id='line_1_11' title="bbox 447 1224 1915 1289; baseline 0.001 -27"><span class='ocrx_word' id='word_1_68' title='bbox 447 1224 608 1289; x_wconf 50' lang='lat' dir='ltr'>ff&#39;nhfflz</span> <span class='ocrx_word' id='word_1_69' title='bbox 627 1228 822 1263; x_wconf 85' lang='lat' dir='ltr'>transitum</span> <span class='ocrx_word' id='word_1_70' title='bbox 839 1228 985 1274; x_wconf 84' lang='lat' dir='ltr'>speciei.</span> <span class='ocrx_word' id='word_1_71' title='bbox 1035 1227 1352 1265; x_wconf 85' lang='lat' dir='ltr'>Considerandum</span> <span class='ocrx_word' id='word_1_72' title='bbox 1365 1233 1489 1263; x_wconf 88' lang='lat' dir='ltr'>autern</span> <span class='ocrx_word' id='word_1_73' title='bbox 1507 1228 1626 1274; x_wconf 89' lang='lat' dir='ltr'>primo</span> <span class='ocrx_word' id='word_1_74' title='bbox 1641 1228 1749 1273; x_wconf 89' lang='lat' dir='ltr'>quod</span> <span class='ocrx_word' id='word_1_75' title='bbox 1769 1228 1915 1264; x_wconf 87' lang='lat' dir='ltr'>nullum</span> 
     </span>
     <span class='ocr_line' id='line_1_12' title="bbox 450 1268 1915 1332; baseline -0.001 -10"><span class='ocrx_word' id='word_1_76' title='bbox 450 1268 553 1331; x_wconf 55' lang='lat' dir='ltr'>offys.</span> <span class='ocrx_word' id='word_1_77' title='bbox 626 1290 682 1321; x_wconf 86' lang='lat' dir='ltr'>est</span> <span class='ocrx_word' id='word_1_78' title='bbox 698 1291 776 1321; x_wconf 88' lang='lat' dir='ltr'>tam</span> <span class='ocrx_word' id='word_1_79' title='bbox 793 1286 950 1322; x_wconf 89' lang='lat' dir='ltr'>densum</span> <span class='ocrx_word' id='word_1_80' title='bbox 967 1285 1056 1332; x_wconf 91' lang='lat' dir='ltr'>quin</span> <span class='ocrx_word' id='word_1_81' title='bbox 1074 1285 1215 1332; x_wconf 87' lang='lat' dir='ltr'>species</span> <span class='ocrx_word' id='word_1_82' title='bbox 1233 1290 1356 1331; x_wconf 86' lang='lat' dir='ltr'>potest</span> <span class='ocrx_word' id='word_1_83' title='bbox 1377 1284 1540 1329; x_wconf 88' lang='lat' dir='ltr'>transire,</span> <span class='ocrx_word' id='word_1_84' title='bbox 1557 1285 1644 1331; x_wconf 91' lang='lat' dir='ltr'>quia</span> <span class='ocrx_word' id='word_1_85' title='bbox 1663 1285 1796 1321; x_wconf 83' lang='lat' dir='ltr'>omnia</span> <span class='ocrx_word' id='word_1_86' title='bbox 1812 1297 1915 1321; x_wconf 90' lang='lat' dir='ltr'>corn·</span> 
     </span>
     <span class='ocr_line' id='line_1_13' title="bbox 446 1330 1913 1396; baseline 0.001 -19"><span class='ocrx_word' id='word_1_87' title='bbox 446 1330 578 1396; x_wconf 36' lang='lat'>22³2&amp;</span> <span class='ocrx_word' id='word_1_88' title='bbox 625 1343 812 1379; x_wconf 80' lang='lat' dir='ltr'>municant</span> <span class='ocrx_word' id='word_1_89' title='bbox 835 1344 871 1379; x_wconf 91' lang='lat' dir='ltr'>in</span> <span class='ocrx_word' id='word_1_90' title='bbox 894 1343 1059 1386; x_wconf 84' lang='lat' dir='ltr'>materia,</span> <span class='ocrx_word' id='word_1_91' title='bbox 1076 1348 1114 1379; x_wconf 90' lang='lat' dir='ltr'>et</span> <span class='ocrx_word' id='word_1_92' title='bbox 1142 1343 1225 1379; x_wconf 91' lang='lat' dir='ltr'>ideo</span> <span class='ocrx_word' id='word_1_93' title='bbox 1250 1347 1375 1389; x_wconf 87' lang='lat' dir='ltr'>potest</span> <span class='ocrx_word' id='word_1_94' title='bbox 1399 1341 1476 1378; x_wconf 88' lang='lat' dir='ltr'>fieri</span> <span class='ocrx_word' id='word_1_95' title='bbox 1500 1343 1764 1379; x_wconf 83' lang='lat' dir='ltr'>transmutatio</span> <span class='ocrx_word' id='word_1_96' title='bbox 1791 1343 1913 1389; x_wconf 84' lang='lat' dir='ltr'>cujus-</span> 
     </span>
     <span class='ocr_line' id='line_1_14' title="bbox 445 1398 1909 1446; baseline 0.005 -17"><span class='ocrx_word' id='word_1_97' title='bbox 445 1404 525 1431; x_wconf 70' lang='lat' dir='ltr'>mad</span> <span class='ocrx_word' id='word_1_98' title='bbox 537 1414 602 1441; x_wconf 78' lang='lat' dir='ltr'>my</span> <span class='ocrx_word' id='word_1_99' title='bbox 623 1399 715 1436; x_wconf 88' lang='lat' dir='ltr'>libet</span> <span class='ocrx_word' id='word_1_100' title='bbox 734 1412 799 1446; x_wconf 83' lang='lat' dir='ltr'>per</span> <span class='ocrx_word' id='word_1_101' title='bbox 814 1401 913 1436; x_wconf 88' lang='lat' dir='ltr'>aliud</span> <span class='ocrx_word' id='word_1_102' title='bbox 937 1400 1069 1436; x_wconf 84' lang='lat' dir='ltr'>saltem</span> <span class='ocrx_word' id='word_1_103' title='bbox 1091 1411 1187 1446; x_wconf 89' lang='lat' dir='ltr'>quae</span> <span class='ocrx_word' id='word_1_104' title='bbox 1210 1405 1268 1435; x_wconf 84' lang='lat' dir='ltr'>est</span> <span class='ocrx_word' id='word_1_105' title='bbox 1292 1411 1358 1446; x_wconf 89' lang='lat' dir='ltr'>per</span> <span class='ocrx_word' id='word_1_106' title='bbox 1383 1398 1730 1446; x_wconf 62' lang='lat' dir='ltr'>multiplidationem</span> <span class='ocrx_word' id='word_1_107' title='bbox 1757 1401 1909 1446; x_wconf 83' lang='lat' dir='ltr'>speciei,</span> 
     </span>
     <span class='ocr_line' id='line_1_15' title="bbox 447 1441 1909 1505; baseline 0 -11"><span class='ocrx_word' id='word_1_108' title='bbox 447 1441 602 1505; x_wconf 52' lang='grc' dir='ltr'>’ἔζίζζξξη</span> <span class='ocrx_word' id='word_1_109' title='bbox 623 1464 660 1494; x_wconf 92' lang='lat' dir='ltr'>et</span> <span class='ocrx_word' id='word_1_110' title='bbox 677 1459 760 1494; x_wconf 90' lang='lat' dir='ltr'>ideo</span> <span class='ocrx_word' id='word_1_111' title='bbox 778 1470 843 1505; x_wconf 92' lang='lat' dir='ltr'>per</span> <span class='ocrx_word' id='word_1_112' title='bbox 869 1458 1031 1494; x_wconf 88' lang='lat' dir='ltr'>medium</span> <span class='ocrx_word' id='word_1_113' title='bbox 1054 1458 1140 1494; x_wconf 88' lang='lat' dir='ltr'>dolii</span> <span class='ocrx_word' id='word_1_114' title='bbox 1165 1458 1264 1494; x_wconf 87' lang='lat' dir='ltr'>aurei</span> <span class='ocrx_word' id='word_1_115' title='bbox 1285 1464 1323 1494; x_wconf 88' lang='lat' dir='ltr'>et</span> <span class='ocrx_word' id='word_1_116' title='bbox 1347 1457 1451 1493; x_wconf 88' lang='lat' dir='ltr'>aenei</span> <span class='ocrx_word' id='word_1_117' title='bbox 1477 1457 1615 1503; x_wconf 85' lang='lat' dir='ltr'>species</span> <span class='ocrx_word' id='word_1_118' title='bbox 1640 1457 1738 1503; x_wconf 85' lang='lat' dir='ltr'>ignis</span> <span class='ocrx_word' id='word_1_119' title='bbox 1763 1464 1806 1494; x_wconf 88' lang='lat' dir='ltr'>et</span> <span class='ocrx_word' id='word_1_120' title='bbox 1831 1459 1909 1494; x_wconf 81' lang='lat' dir='ltr'>soni</span> 
     </span>
     <span class='ocr_line' id='line_1_16' title="bbox 448 1514 1909 1559; baseline 0.002 -11"><span class='ocrx_word' id='word_1_121' title='bbox 448 1520 497 1548; x_wconf 68' lang='lat'>³7⁸</span> <span class='ocrx_word' id='word_1_122' title='bbox 508 1521 572 1542; x_wconf 74' lang='lat'>&lt;²²¹²-</span> <span class='ocrx_word' id='word_1_123' title='bbox 622 1521 813 1551; x_wconf 88' lang='lat' dir='ltr'>transeunt</span> <span class='ocrx_word' id='word_1_124' title='bbox 825 1515 850 1552; x_wconf 90' lang='lat'>¹.</span> <span class='ocrx_word' id='word_1_125' title='bbox 893 1516 943 1552; x_wconf 88' lang='lat' dir='ltr'>Et</span> <span class='ocrx_word' id='word_1_126' title='bbox 957 1527 1039 1552; x_wconf 87' lang='lat' dir='ltr'>cnm</span> <span class='ocrx_word' id='word_1_127' title='bbox 1054 1515 1206 1552; x_wconf 88' lang='lat' dir='ltr'>Boetius</span> <span class='ocrx_word' id='word_1_128' title='bbox 1216 1515 1306 1550; x_wconf 87' lang='lat' dir='ltr'>velit</span> <span class='ocrx_word' id='word_1_129' title='bbox 1319 1515 1430 1551; x_wconf 84' lang='lat' dir='ltr'>tertio</span> <span class='ocrx_word' id='word_1_130' title='bbox 1443 1515 1489 1550; x_wconf 92' lang='lat' dir='ltr'>de</span> <span class='ocrx_word' id='word_1_131' title='bbox 1501 1514 1767 1551; x_wconf 82' lang='lat' dir='ltr'>Consolatione</span> <span class='ocrx_word' id='word_1_132' title='bbox 1781 1521 1822 1551; x_wconf 87' lang='lat' dir='ltr'>et</span> <span class='ocrx_word' id='word_1_133' title='bbox 1835 1516 1909 1559; x_wconf 88' lang='lat' dir='ltr'>alii,</span> 
     </span>
     <span class='ocr_line' id='line_1_17' title="bbox 445 1553 1908 1620; baseline 0 -12"><span class='ocrx_word' id='word_1_134' title='bbox 445 1553 493 1577; x_wconf 56' lang='grc' dir='ltr'>’ω’</span> <span class='ocrx_word' id='word_1_135' title='bbox 622 1574 722 1619; x_wconf 92' lang='lat' dir='ltr'>quod</span> <span class='ocrx_word' id='word_1_136' title='bbox 739 1572 890 1619; x_wconf 88' lang='lat' dir='ltr'>lynceus</span> <span class='ocrx_word' id='word_1_137' title='bbox 907 1572 1035 1609; x_wconf 89' lang='lat' dir='ltr'>oculus</span> <span class='ocrx_word' id='word_1_138' title='bbox 1060 1574 1176 1620; x_wconf 85' lang='lat' dir='ltr'>possit</span> <span class='ocrx_word' id='word_1_139' title='bbox 1201 1577 1389 1618; x_wconf 85' lang='lat' dir='ltr'>penetrare</span> <span class='ocrx_word' id='word_1_140' title='bbox 1415 1573 1573 1619; x_wconf 88' lang='lat' dir='ltr'>parietes</span> <span class='ocrx_word' id='word_1_141' title='bbox 1593 1572 1737 1615; x_wconf 89' lang='lat' dir='ltr'>densos,</span> <span class='ocrx_word' id='word_1_142' title='bbox 1754 1579 1908 1618; x_wconf 86' lang='lat' dir='ltr'>oportet</span> 
     </span>
     <span class='ocr_line' id='line_1_18' title="bbox 621 1630 1905 1678; baseline 0 -11"><span class='ocrx_word' id='word_1_143' title='bbox 621 1631 720 1677; x_wconf 91' lang='lat' dir='ltr'>quod</span> <span class='ocrx_word' id='word_1_144' title='bbox 738 1632 880 1678; x_wconf 89' lang='lat' dir='ltr'>species</span> <span class='ocrx_word' id='word_1_145' title='bbox 896 1631 992 1667; x_wconf 89' lang='lat' dir='ltr'>oculi</span> <span class='ocrx_word' id='word_1_146' title='bbox 1011 1637 1048 1667; x_wconf 90' lang='lat' dir='ltr'>et</span> <span class='ocrx_word' id='word_1_147' title='bbox 1064 1630 1264 1667; x_wconf 86' lang='lat' dir='ltr'>visibilium</span> <span class='ocrx_word' id='word_1_148' title='bbox 1279 1636 1468 1667; x_wconf 88' lang='lat' dir='ltr'>transeunt</span> <span class='ocrx_word' id='word_1_149' title='bbox 1483 1641 1547 1676; x_wconf 88' lang='lat' dir='ltr'>per</span> <span class='ocrx_word' id='word_1_150' title='bbox 1560 1630 1724 1666; x_wconf 89' lang='lat' dir='ltr'>medium</span> <span class='ocrx_word' id='word_1_151' title='bbox 1739 1632 1905 1676; x_wconf 85' lang='lat' dir='ltr'>parietis.</span> 
     </span>
     <span class='ocr_line' id='line_1_19' title="bbox 621 1687 1905 1734; baseline 0.001 -10"><span class='ocrx_word' id='word_1_152' title='bbox 621 1687 694 1724; x_wconf 91' lang='lat' dir='ltr'>Sed</span> <span class='ocrx_word' id='word_1_153' title='bbox 715 1695 839 1724; x_wconf 85' lang='lat' dir='ltr'>tamen</span> <span class='ocrx_word' id='word_1_154' title='bbox 857 1693 943 1724; x_wconf 91' lang='lat' dir='ltr'>sunt</span> <span class='ocrx_word' id='word_1_155' title='bbox 961 1688 1075 1724; x_wconf 89' lang='lat' dir='ltr'>multa</span> <span class='ocrx_word' id='word_1_156' title='bbox 1092 1689 1206 1724; x_wconf 87' lang='lat' dir='ltr'>densa</span> <span class='ocrx_word' id='word_1_157' title='bbox 1222 1700 1318 1734; x_wconf 89' lang='lat' dir='ltr'>quae</span> <span class='ocrx_word' id='word_1_158' title='bbox 1333 1689 1455 1724; x_wconf 88' lang='lat' dir='ltr'>visum</span> <span class='ocrx_word' id='word_1_159' title='bbox 1479 1688 1670 1723; x_wconf 86' lang='lat' dir='ltr'>hominum</span> <span class='ocrx_word' id='word_1_160' title='bbox 1691 1687 1905 1734; x_wconf 76' lang='lat' dir='ltr'>impediunt</span> 
     </span>
     <span class='ocr_line' id='line_1_20' title="bbox 618 1746 1904 1791; baseline 0.002 -11"><span class='ocrx_word' id='word_1_161' title='bbox 618 1747 768 1781; x_wconf 89' lang='lat' dir='ltr'>omnino</span> <span class='ocrx_word' id='word_1_162' title='bbox 793 1752 830 1782; x_wconf 90' lang='lat' dir='ltr'>et</span> <span class='ocrx_word' id='word_1_163' title='bbox 858 1746 950 1782; x_wconf 89' lang='lat' dir='ltr'>alios</span> <span class='ocrx_word' id='word_1_164' title='bbox 979 1757 1106 1782; x_wconf 83' lang='lat' dir='ltr'>sensus</span> <span class='ocrx_word' id='word_1_165' title='bbox 1132 1746 1310 1788; x_wconf 84' lang='lat' dir='ltr'>similiter,</span> <span class='ocrx_word' id='word_1_166' title='bbox 1337 1747 1388 1781; x_wconf 85' lang='lat' dir='ltr'>ita</span> <span class='ocrx_word' id='word_1_167' title='bbox 1413 1746 1513 1791; x_wconf 90' lang='lat' dir='ltr'>quod</span> <span class='ocrx_word' id='word_1_168' title='bbox 1542 1746 1682 1791; x_wconf 88' lang='lat' dir='ltr'>species</span> <span class='ocrx_word' id='word_1_169' title='bbox 1709 1746 1904 1782; x_wconf 86' lang='lat' dir='ltr'>sensibiles</span> 
     </span>
     <span class='ocr_line' id='line_1_21' title="bbox 619 1802 1902 1849; baseline 0.001 -11"><span class='ocrx_word' id='word_1_170' title='bbox 619 1814 692 1839; x_wconf 89' lang='lat' dir='ltr'>non</span> <span class='ocrx_word' id='word_1_171' title='bbox 733 1810 984 1849; x_wconf 87' lang='lat' dir='ltr'>pertranseant</span> <span class='ocrx_word' id='word_1_172' title='bbox 1024 1805 1060 1840; x_wconf 90' lang='lat' dir='ltr'>in</span> <span class='ocrx_word' id='word_1_173' title='bbox 1102 1809 1207 1840; x_wconf 89' lang='lat' dir='ltr'>tanta</span> <span class='ocrx_word' id='word_1_174' title='bbox 1248 1803 1464 1839; x_wconf 79' lang='lat' dir='ltr'>fortitudine</span> <span class='ocrx_word' id='word_1_175' title='bbox 1497 1808 1538 1838; x_wconf 89' lang='lat' dir='ltr'>ut</span> <span class='ocrx_word' id='word_1_176' title='bbox 1569 1802 1718 1838; x_wconf 87' lang='lat' dir='ltr'>valeant</span> <span class='ocrx_word' id='word_1_177' title='bbox 1751 1813 1902 1839; x_wconf 86' lang='lat' dir='ltr'>sensum</span> 
     </span>
     <span class='ocr_line' id='line_1_22' title="bbox 617 1861 1900 1906; baseline 0.001 -10"><span class='ocrx_word' id='word_1_178' title='bbox 617 1861 817 1897; x_wconf 89' lang='lat' dir='ltr'>humanum</span> <span class='ocrx_word' id='word_1_179' title='bbox 837 1863 1039 1906; x_wconf 83' lang='lat' dir='ltr'>immutare,</span> <span class='ocrx_word' id='word_1_180' title='bbox 1057 1862 1143 1898; x_wconf 92' lang='lat' dir='ltr'>licet</span> <span class='ocrx_word' id='word_1_181' title='bbox 1167 1862 1368 1897; x_wconf 88' lang='lat' dir='ltr'>secundum</span> <span class='ocrx_word' id='word_1_182' title='bbox 1394 1862 1587 1897; x_wconf 87' lang='lat' dir='ltr'>veritatem</span> <span class='ocrx_word' id='word_1_183' title='bbox 1612 1866 1818 1905; x_wconf 86' lang='lat' dir='ltr'>transeant,</span> <span class='ocrx_word' id='word_1_184' title='bbox 1834 1862 1900 1897; x_wconf 87' lang='lat' dir='ltr'>sed</span> 
     </span>
     <span class='ocr_line' id='line_1_23' title="bbox 618 1918 1008 1955; baseline 0.005 -2"><span class='ocrx_word' id='word_1_185' title='bbox 618 1918 875 1955; x_wconf 85' lang='lat' dir='ltr'>insensibiliter</span> <span class='ocrx_word' id='word_1_186' title='bbox 892 1920 1008 1955; x_wconf 83' lang='lat' dir='ltr'>nobis.</span> 
     </span>
     <span class='ocr_line' id='line_1_24' title="bbox 448 1975 1899 2022; baseline 0.001 -12"><span class='ocrx_word' id='word_1_187' title='bbox 448 1982 492 2010; x_wconf 76' lang='lat' dir='ltr'>&#39;he</span> <span class='ocrx_word' id='word_1_188' title='bbox 503 1991 580 2012; x_wconf 69' lang='lat' dir='ltr'>same</span> <span class='ocrx_word' id='word_1_189' title='bbox 665 1975 761 2012; x_wconf 84' lang='lat' dir='ltr'>Sunt</span> <span class='ocrx_word' id='word_1_190' title='bbox 786 1977 897 2012; x_wconf 89' lang='lat' dir='ltr'>etiam</span> <span class='ocrx_word' id='word_1_191' title='bbox 922 1976 995 2012; x_wconf 88' lang='lat' dir='ltr'>alia</span> <span class='ocrx_word' id='word_1_192' title='bbox 1019 1987 1172 2022; x_wconf 87' lang='lat' dir='ltr'>corpora</span> <span class='ocrx_word' id='word_1_193' title='bbox 1198 1977 1390 2013; x_wconf 87' lang='lat' dir='ltr'>mediocris</span> <span class='ocrx_word' id='word_1_194' title='bbox 1414 1976 1615 2019; x_wconf 85' lang='lat' dir='ltr'>densitatis,</span> <span class='ocrx_word' id='word_1_195' title='bbox 1641 1987 1663 2011; x_wconf 90' lang='lat' dir='ltr'>a</span> <span class='ocrx_word' id='word_1_196' title='bbox 1687 1976 1830 2020; x_wconf 87' lang='lat' dir='ltr'>quibus</span> <span class='ocrx_word' id='word_1_197' title='bbox 1858 1976 1899 2012; x_wconf 87' lang='lat' dir='ltr'>fit</span> 
     </span>
     <span class='ocr_line' id='line_1_25' title="bbox 449 2019 1899 2084; baseline 0.001 -16"><span class='ocrx_word' id='word_1_198' title='bbox 449 2019 601 2084; x_wconf 48' lang='grc' dir='ltr'>ξῗὲζᾜ</span> <span class='ocrx_word' id='word_1_199' title='bbox 616 2032 767 2069; x_wconf 87' lang='lat' dir='ltr'>reflexio</span> <span class='ocrx_word' id='word_1_200' title='bbox 783 2034 892 2070; x_wconf 87' lang='lat' dir='ltr'>simul</span> <span class='ocrx_word' id='word_1_201' title='bbox 909 2039 947 2069; x_wconf 92' lang='lat' dir='ltr'>et</span> <span class='ocrx_word' id='word_1_202' title='bbox 964 2034 1103 2074; x_wconf 76' lang='lat' dir='ltr'>fractio.</span> <span class='ocrx_word' id='word_1_203' title='bbox 1122 2040 1162 2070; x_wconf 89' lang='lat' dir='ltr'>ut</span> <span class='ocrx_word' id='word_1_204' title='bbox 1179 2039 1235 2070; x_wconf 92' lang='lat' dir='ltr'>est</span> <span class='ocrx_word' id='word_1_205' title='bbox 1252 2020 1357 2080; x_wconf 77' lang='lat' dir='ltr'>aqua.</span> <span class='ocrx_word' id='word_1_206' title='bbox 1419 2034 1516 2070; x_wconf 87' lang='lat' dir='ltr'>Nam</span> <span class='ocrx_word' id='word_1_207' title='bbox 1534 2033 1700 2069; x_wconf 88' lang='lat' dir='ltr'>videmus</span> <span class='ocrx_word' id='word_1_208' title='bbox 1722 2034 1844 2079; x_wconf 68' lang='lat' dir='ltr'>pisces</span> <span class='ocrx_word' id='word_1_209' title='bbox 1862 2039 1899 2070; x_wconf 92' lang='lat' dir='ltr'>et</span> 
     </span>
     <span class='ocr_line' id='line_1_26' title="bbox 451 2090 1900 2138; baseline 0.006 -19"><span class='ocrx_word' id='word_1_210' title='bbox 451 2091 535 2120; x_wconf 65' lang='lat' dir='ltr'>efnei.</span> <span class='ocrx_word' id='word_1_211' title='bbox 615 2090 757 2138; x_wconf 88' lang='lat' dir='ltr'>lapides</span> <span class='ocrx_word' id='word_1_212' title='bbox 777 2092 813 2126; x_wconf 88' lang='lat' dir='ltr'>in</span> <span class='ocrx_word' id='word_1_213' title='bbox 829 2103 873 2127; x_wconf 91' lang='lat' dir='ltr'>ea</span> <span class='ocrx_word' id='word_1_214' title='bbox 891 2103 956 2138; x_wconf 87' lang='lat' dir='ltr'>per</span> <span class='ocrx_word' id='word_1_215' title='bbox 978 2090 1204 2135; x_wconf 83' lang='lat' dir='ltr'>fractionem,</span> <span class='ocrx_word' id='word_1_216' title='bbox 1228 2097 1264 2126; x_wconf 90' lang='lat' dir='ltr'>et</span> <span class='ocrx_word' id='word_1_217' title='bbox 1290 2092 1459 2127; x_wconf 91' lang='lat' dir='ltr'>videmus</span> <span class='ocrx_word' id='word_1_218' title='bbox 1479 2090 1596 2127; x_wconf 90' lang='lat' dir='ltr'>solem</span> <span class='ocrx_word' id='word_1_219' title='bbox 1620 2096 1658 2126; x_wconf 92' lang='lat' dir='ltr'>et</span> <span class='ocrx_word' id='word_1_220' title='bbox 1676 2090 1804 2126; x_wconf 86' lang='lat' dir='ltr'>lunam</span> <span class='ocrx_word' id='word_1_221' title='bbox 1833 2103 1900 2138; x_wconf 90' lang='lat' dir='ltr'>per</span> 
     </span>
     <span class='ocr_line' id='line_1_27' title="bbox 613 2148 1897 2196; baseline 0.001 -12"><span class='ocrx_word' id='word_1_222' title='bbox 613 2148 863 2189; x_wconf 88' lang='lat' dir='ltr'>reflexionem,</span> <span class='ocrx_word' id='word_1_223' title='bbox 890 2150 985 2185; x_wconf 90' lang='lat' dir='ltr'>sicut</span> <span class='ocrx_word' id='word_1_224' title='bbox 1011 2150 1240 2196; x_wconf 87' lang='lat' dir='ltr'>experientia</span> <span class='ocrx_word' id='word_1_225' title='bbox 1265 2149 1385 2186; x_wconf 90' lang='lat' dir='ltr'>docet.</span> <span class='ocrx_word' id='word_1_226' title='bbox 1448 2149 1561 2185; x_wconf 88' lang='lat' dir='ltr'>Unde</span> <span class='ocrx_word' id='word_1_227' title='bbox 1589 2154 1742 2195; x_wconf 86' lang='lat' dir='ltr'>propter</span> <span class='ocrx_word' id='word_1_228' title='bbox 1771 2150 1897 2185; x_wconf 88' lang='lat' dir='ltr'>densi·</span> 
     </span>
     <span class='ocr_line' id='line_1_28' title="bbox 612 2207 1897 2254; baseline 0.001 -12"><span class='ocrx_word' id='word_1_229' title='bbox 612 2213 737 2251; x_wconf 88' lang='lat' dir='ltr'>tatem,</span> <span class='ocrx_word' id='word_1_230' title='bbox 767 2219 862 2254; x_wconf 90' lang='lat' dir='ltr'>quae</span> <span class='ocrx_word' id='word_1_231' title='bbox 898 2207 1031 2244; x_wconf 84' lang='lat' dir='ltr'>sufficit</span> <span class='ocrx_word' id='word_1_232' title='bbox 1065 2207 1256 2243; x_wconf 89' lang='lat' dir='ltr'>reflexioni</span> <span class='ocrx_word' id='word_1_233' title='bbox 1289 2207 1449 2253; x_wconf 87' lang='lat' dir='ltr'>aliquali,</span> <span class='ocrx_word' id='word_1_234' title='bbox 1478 2207 1572 2243; x_wconf 86' lang='lat' dir='ltr'>radii</span> <span class='ocrx_word' id='word_1_235' title='bbox 1602 2217 1733 2243; x_wconf 89' lang='lat' dir='ltr'>omnes</span> <span class='ocrx_word' id='word_1_236' title='bbox 1768 2207 1897 2243; x_wconf 87' lang='lat' dir='ltr'>reflec-</span> 
     </span>
     <span class='ocr_line' id='line_1_29' title="bbox 610 2265 1894 2311; baseline 0 -11"><span class='ocrx_word' id='word_1_237' title='bbox 610 2269 747 2307; x_wconf 83' lang='lat' dir='ltr'>tuntur,</span> <span class='ocrx_word' id='word_1_238' title='bbox 772 2265 837 2300; x_wconf 89' lang='lat' dir='ltr'>sed</span> <span class='ocrx_word' id='word_1_239' title='bbox 865 2270 1014 2311; x_wconf 86' lang='lat' dir='ltr'>propter</span> <span class='ocrx_word' id='word_1_240' title='bbox 1039 2265 1333 2301; x_wconf 85' lang='lat' dir='ltr'>mediocritatem</span> <span class='ocrx_word' id='word_1_241' title='bbox 1359 2265 1566 2305; x_wconf 85' lang='lat' dir='ltr'>densitatis,</span> <span class='ocrx_word' id='word_1_242' title='bbox 1591 2275 1688 2310; x_wconf 85' lang='lat' dir='ltr'>quae</span> <span class='ocrx_word' id='word_1_243' title='bbox 1717 2275 1792 2300; x_wconf 87' lang='lat' dir='ltr'>non</span> <span class='ocrx_word' id='word_1_244' title='bbox 1823 2266 1894 2300; x_wconf 91' lang='lat' dir='ltr'>im-</span> 
     </span>
     <span class='ocr_line' id='line_1_30' title="bbox 611 2320 1894 2369; baseline 0 -12"><span class='ocrx_word' id='word_1_245' title='bbox 611 2323 714 2368; x_wconf 88' lang='lat' dir='ltr'>pedit</span> <span class='ocrx_word' id='word_1_246' title='bbox 741 2323 938 2359; x_wconf 88' lang='lat' dir='ltr'>transitum</span> <span class='ocrx_word' id='word_1_247' title='bbox 972 2323 1074 2365; x_wconf 85' lang='lat' dir='ltr'>lucis,</span> <span class='ocrx_word' id='word_1_248' title='bbox 1099 2321 1317 2369; x_wconf 81' lang='lat' dir='ltr'>franguntur</span> <span class='ocrx_word' id='word_1_249' title='bbox 1349 2323 1442 2359; x_wconf 86' lang='lat' dir='ltr'>radii</span> <span class='ocrx_word' id='word_1_250' title='bbox 1477 2322 1512 2357; x_wconf 92' lang='lat' dir='ltr'>in</span> <span class='ocrx_word' id='word_1_251' title='bbox 1544 2320 1737 2368; x_wconf 82' lang='lat' dir='ltr'>superficie</span> <span class='ocrx_word' id='word_1_252' title='bbox 1762 2333 1894 2367; x_wconf 88' lang='lat' dir='ltr'>aquae.</span> 
     </span>
     <span class='ocr_line' id='line_1_31' title="bbox 611 2378 1894 2426; baseline 0.001 -11"><span class='ocrx_word' id='word_1_253' title='bbox 611 2379 662 2415; x_wconf 91' lang='lat' dir='ltr'>Et</span> <span class='ocrx_word' id='word_1_254' title='bbox 682 2380 765 2416; x_wconf 89' lang='lat' dir='ltr'>ideo</span> <span class='ocrx_word' id='word_1_255' title='bbox 781 2380 937 2426; x_wconf 88' lang='lat' dir='ltr'>quilibet</span> <span class='ocrx_word' id='word_1_256' title='bbox 963 2380 1084 2416; x_wconf 89' lang='lat' dir='ltr'>radius</span> <span class='ocrx_word' id='word_1_257' title='bbox 1109 2381 1197 2416; x_wconf 88' lang='lat' dir='ltr'>solis</span> <span class='ocrx_word' id='word_1_258' title='bbox 1219 2382 1353 2416; x_wconf 86' lang='lat' dir='ltr'>cadens</span> <span class='ocrx_word' id='word_1_259' title='bbox 1374 2391 1484 2426; x_wconf 89' lang='lat' dir='ltr'>super</span> <span class='ocrx_word' id='word_1_260' title='bbox 1505 2390 1641 2426; x_wconf 86' lang='lat' dir='ltr'>aquam</span> <span class='ocrx_word' id='word_1_261' title='bbox 1664 2378 1894 2425; x_wconf 87' lang='lat' dir='ltr'>multiplicat</span> 
     </span>
     <span class='ocr_line' id='line_1_32' title="bbox 609 2436 1892 2485; baseline 0.001 -13"><span class='ocrx_word' id='word_1_262' title='bbox 609 2438 680 2473; x_wconf 86' lang='lat' dir='ltr'>sibi</span> <span class='ocrx_word' id='word_1_263' title='bbox 714 2437 872 2473; x_wconf 87' lang='lat' dir='ltr'>similem</span> <span class='ocrx_word' id='word_1_264' title='bbox 907 2444 983 2473; x_wconf 88' lang='lat' dir='ltr'>tam</span> <span class='ocrx_word' id='word_1_265' title='bbox 1014 2437 1215 2473; x_wconf 87' lang='lat' dir='ltr'>reflexione</span> <span class='ocrx_word' id='word_1_266' title='bbox 1241 2448 1353 2483; x_wconf 87' lang='lat' dir='ltr'>quam</span> <span class='ocrx_word' id='word_1_267' title='bbox 1381 2449 1448 2485; x_wconf 90' lang='lat' dir='ltr'>per</span> <span class='ocrx_word' id='word_1_268' title='bbox 1475 2438 1574 2472; x_wconf 89' lang='lat' dir='ltr'>viam</span> <span class='ocrx_word' id='word_1_269' title='bbox 1603 2436 1817 2481; x_wconf 75' lang='lat' dir='ltr'>fractionis3</span> <span class='ocrx_word' id='word_1_270' title='bbox 1854 2443 1892 2473; x_wconf 86' lang='lat' dir='ltr'>et</span> 
     </span>
     <span class='ocr_line' id='line_1_33' title="bbox 609 2494 1893 2541; baseline 0.001 -11"><span class='ocrx_word' id='word_1_271' title='bbox 609 2495 692 2530; x_wconf 91' lang='lat' dir='ltr'>ideo</span> <span class='ocrx_word' id='word_1_272' title='bbox 708 2495 866 2531; x_wconf 87' lang='lat' dir='ltr'>debilior</span> <span class='ocrx_word' id='word_1_273' title='bbox 882 2500 938 2531; x_wconf 90' lang='lat' dir='ltr'>est</span> <span class='ocrx_word' id='word_1_274' title='bbox 956 2494 1107 2531; x_wconf 89' lang='lat' dir='ltr'>reflexio</span> <span class='ocrx_word' id='word_1_275' title='bbox 1132 2506 1244 2541; x_wconf 89' lang='lat' dir='ltr'>quam</span> <span class='ocrx_word' id='word_1_276' title='bbox 1269 2495 1331 2530; x_wconf 88' lang='lat' dir='ltr'>illa</span> <span class='ocrx_word' id='word_1_277' title='bbox 1353 2506 1448 2541; x_wconf 89' lang='lat' dir='ltr'>quae</span> <span class='ocrx_word' id='word_1_278' title='bbox 1472 2494 1514 2530; x_wconf 83' lang='lat' dir='ltr'>fit</span> <span class='ocrx_word' id='word_1_279' title='bbox 1533 2506 1554 2530; x_wconf 90' lang='lat' dir='ltr'>a</span> <span class='ocrx_word' id='word_1_280' title='bbox 1574 2494 1690 2530; x_wconf 87' lang='lat' dir='ltr'>denso</span> <span class='ocrx_word' id='word_1_281' title='bbox 1714 2494 1893 2540; x_wconf 85' lang='lat' dir='ltr'>perfecte,</span> 
     </span>
     <span class='ocr_line' id='line_1_34' title="bbox 606 2552 1889 2598; baseline 0.001 -11"><span class='ocrx_word' id='word_1_282' title='bbox 606 2557 644 2587; x_wconf 90' lang='lat' dir='ltr'>et</span> <span class='ocrx_word' id='word_1_283' title='bbox 661 2552 818 2587; x_wconf 88' lang='lat' dir='ltr'>debilior</span> <span class='ocrx_word' id='word_1_284' title='bbox 835 2552 967 2588; x_wconf 79' lang='lat' dir='ltr'>fractio</span> <span class='ocrx_word' id='word_1_285' title='bbox 982 2564 1095 2598; x_wconf 89' lang='lat' dir='ltr'>quam</span> <span class='ocrx_word' id='word_1_286' title='bbox 1113 2553 1142 2588; x_wconf 91' lang='lat' dir='ltr'>si</span> <span class='ocrx_word' id='word_1_287' title='bbox 1159 2564 1293 2598; x_wconf 85' lang='lat' dir='ltr'>corpus</span> <span class='ocrx_word' id='word_1_288' title='bbox 1317 2552 1517 2588; x_wconf 90' lang='lat' dir='ltr'>secundum</span> <span class='ocrx_word' id='word_1_289' title='bbox 1539 2556 1638 2587; x_wconf 83' lang='lat' dir='ltr'>esset</span> <span class='ocrx_word' id='word_1_290' title='bbox 1658 2556 1735 2586; x_wconf 88' lang='lat' dir='ltr'>tam</span> <span class='ocrx_word' id='word_1_291' title='bbox 1763 2562 1889 2588; x_wconf 83' lang='lat' dir='ltr'>rarum</span> 
     </span>
     <span class='ocr_line' id='line_1_35' title="bbox 607 2609 1420 2654; baseline -0.001 -9"><span class='ocrx_word' id='word_1_292' title='bbox 607 2615 647 2645; x_wconf 91' lang='lat' dir='ltr'>ut</span> <span class='ocrx_word' id='word_1_293' title='bbox 666 2609 766 2645; x_wconf 90' lang='lat' dir='ltr'>nulla</span> <span class='ocrx_word' id='word_1_294' title='bbox 784 2609 886 2646; x_wconf 87' lang='lat' dir='ltr'>fieret</span> <span class='ocrx_word' id='word_1_295' title='bbox 904 2609 1070 2654; x_wconf 88' lang='lat' dir='ltr'>reflexio,</span> <span class='ocrx_word' id='word_1_296' title='bbox 1087 2611 1182 2647; x_wconf 90' lang='lat' dir='ltr'>sicut</span> <span class='ocrx_word' id='word_1_297' title='bbox 1198 2615 1256 2646; x_wconf 88' lang='lat' dir='ltr'>est</span> <span class='ocrx_word' id='word_1_298' title='bbox 1274 2611 1310 2645; x_wconf 92' lang='lat' dir='ltr'>in</span> <span class='ocrx_word' id='word_1_299' title='bbox 1327 2620 1420 2645; x_wconf 87' lang='lat' dir='ltr'>aere.</span> 
     </span>
    </p>
   </div>
   <div class='ocr_carea' id='block_1_6' title="bbox 604 2688 1887 2768">
    <p class='ocr_par' dir='ltr' id='par_1_6' title="bbox 604 2688 1887 2768">
     <span class='ocr_line' id='line_1_36' title="bbox 641 2688 1887 2725; baseline -0.001 -8"><span class='ocrx_word' id='word_1_300' title='bbox 641 2688 649 2706; x_wconf 88' lang='lat'>¹</span> <span class='ocrx_word' id='word_1_301' title='bbox 668 2689 740 2717; x_wconf 73' lang='lat' dir='ltr'>This</span> <span class='ocrx_word' id='word_1_302' title='bbox 759 2690 784 2717; x_wconf 79' lang='lat' dir='ltr'>is</span> <span class='ocrx_word' id='word_1_303' title='bbox 802 2698 819 2717; x_wconf 76' lang='grc' dir='ltr'>ι</span> <span class='ocrx_word' id='word_1_304' title='bbox 838 2690 962 2723; x_wconf 75' lang='lat' dir='ltr'>striking</span> <span class='ocrx_word' id='word_1_305' title='bbox 979 2690 1065 2725; x_wconf 77' lang='lat' dir='ltr'>prooi&#39;</span> <span class='ocrx_word' id='word_1_306' title='bbox 1078 2690 1112 2717; x_wconf 79' lang='lat' dir='ltr'>os</span> <span class='ocrx_word' id='word_1_307' title='bbox 1128 2688 1250 2717; x_wconf 72' lang='lat' dir='ltr'>Bucon&#39;s</span> <span class='ocrx_word' id='word_1_308' title='bbox 1271 2690 1364 2717; x_wconf 77' lang='lat' dir='ltr'>sound</span> <span class='ocrx_word' id='word_1_309' title='bbox 1384 2688 1501 2717; x_wconf 78' lang='lat' dir='ltr'>instinct</span> <span class='ocrx_word' id='word_1_310' title='bbox 1519 2690 1550 2717; x_wconf 81' lang='lat' dir='ltr'>in</span> <span class='ocrx_word' id='word_1_311' title='bbox 1569 2688 1698 2724; x_wconf 66' lang='lat' dir='ltr'>physion!</span> <span class='ocrx_word' id='word_1_312' title='bbox 1717 2689 1887 2725; x_wconf 63' lang='lat' dir='ltr'>running,</span> 
     </span>
     <span class='ocr_line' id='line_1_37' title="bbox 604 2732 1857 2768; baseline 0 -7"><span class='ocrx_word' id='word_1_313' title='bbox 604 2732 732 2767; x_wconf 56' lang='lat' dir='ltr'>nudius,</span> <span class='ocrx_word' id='word_1_314' title='bbox 746 2741 779 2761; x_wconf 73' lang='lat' dir='ltr'>ns</span> <span class='ocrx_word' id='word_1_315' title='bbox 793 2733 814 2760; x_wconf 80' lang='lat' dir='ltr'>it</span> <span class='ocrx_word' id='word_1_316' title='bbox 828 2733 887 2767; x_wconf 81' lang='lat' dir='ltr'>did,</span> <span class='ocrx_word' id='word_1_317' title='bbox 900 2733 1028 2761; x_wconf 73' lang='lat' dir='ltr'>towards</span> <span class='ocrx_word' id='word_1_318' title='bbox 1040 2733 1089 2761; x_wconf 79' lang='lat' dir='ltr'>the</span> <span class='ocrx_word' id='word_1_319' title='bbox 1102 2733 1273 2761; x_wconf 69' lang='lat' dir='ltr'>coi-relation</span> <span class='ocrx_word' id='word_1_320' title='bbox 1287 2732 1319 2759; x_wconf 76' lang='lat' dir='ltr'>os</span> <span class='ocrx_word' id='word_1_321' title='bbox 1329 2733 1438 2760; x_wconf 67' lang='lat' dir='ltr'>radiant</span> <span class='ocrx_word' id='word_1_322' title='bbox 1450 2732 1552 2761; x_wconf 70' lang='lat' dir='ltr'>soree..</span> <span class='ocrx_word' id='word_1_323' title='bbox 1588 2732 1633 2761; x_wconf 77' lang='lat' dir='ltr'>Cf.</span> <span class='ocrx_word' id='word_1_324' title='bbox 1644 2732 1700 2760; x_wconf 78' lang='lat' dir='ltr'>vol.</span> <span class='ocrx_word' id='word_1_325' title='bbox 1714 2732 1732 2761; x_wconf 86' lang='lat' dir='ltr'>i.</span> <span class='ocrx_word' id='word_1_326' title='bbox 1745 2740 1775 2768; x_wconf 80' lang='lat' dir='ltr'>p.</span> <span class='ocrx_word' id='word_1_327' title='bbox 1791 2741 1857 2767; x_wconf 64' lang='grc' dir='ltr'>ης.</span> 
     </span>
    </p>
   </div>
  </div>
 </body>
</html>
