2350 3580
568 505 636 550 508
869 506 912 539 M
912 506 969 539 UL
975 506 1005 539 T
1001 505 1157 540 1101.ch
1164 506 1194 538 T
1189 506 1242 539 Io
1268 505 1552 539 SPECIERUM.

570 602 611 631 ut
623 596 792 632 videmus
805 596 841 631 in
854 596 1017 643 singulis.
1058 596 1108 632 Et
1121 596 1228 642 hujus
1241 607 1350 632 causa
1362 602 1429 637 est,
1440 596 1528 641 qula
1537 606 1623 631 esse
1636 601 1697 631 est
1709 594 1857 642 propria

571 654 694 700 passio
711 654 789 699 ejus
813 654 917 699 cujus
938 661 1004 697 est,
1022 655 1224 698 secundum
1249 655 1443 690 veritatem
1469 660 1507 689 et
1526 653 1789 697 Avieennam,
1804 652 1858 688 vel

571 710 822 746 essentialius1
851 712 1053 747 secundum
1082 712 1285 747 Averroem
1318 717 1357 747 et
1384 712 1518 757 vulgus
1550 721 1723 756 sequens
1754 721 1857 752 eum;

572 774 610 804 et
637 768 720 804 ideo
745 769 775 803 si
800 770 957 804 essentia
981 770 1040 804 cui
1066 770 1224 805 debetur
1240 780 1319 805 esse
1343 774 1398 804 est
1421 768 1638 814 corporalis,
1657 774 1697 803 et
1727 768 1859 803 modus

571 826 754 862 existendi
776 826 843 862 erit
863 827 1086 872 corporalis3
1113 827 1309 874 praecipue
1332 837 1416 862 cum
1437 826 1534 862 istud
1557 837 1644 861 esse
1666 825 1809 861 habeat
1825 825 1858 860 in

572 894 612 919 re
640 883 820 929 corporali
836 889 884 919 .et
909 883 1110 920 secundum
1138 884 1218 929 ejus
1245 885 1517 930 proprietatem.
1569 883 1637 918 Ex
1668 894 1752 929 quo
1777 893 1859 918 con-

573 941 682 984 tingit
716 941 848 976 iterum
877 952 1038 987 arguere,
1062 943 1163 987 quod
1192 953 1302 977 omne
1335 941 1434 986 quod
1464 941 1652 987 recipitur,
1685 940 1861 986 recipitur

574 1008 641 1043 per
663 998 815 1033 modum
839 998 1058 1044 recipientis,
1080 1004 1122 1034 ut
1143 1009 1272 1034 omnes
1294 998 1512 1040 concedunt,
1535 1004 1574 1033 et
1599 997 1862 1044 multipliciter

574 1056 664 1090 dicit
689 1056 887 1092 auctoritas
914 1057 1021 1102 primi
1050 1056 1132 1092 libri
1150 1057 1197 1092 de
1227 1056 1371 1099 Causis‚
1396 1063 1434 1092 et
1464 1056 1619 1091 Boetius
1651 1056 1791 1102 quinto
1817 1055 1862 1090 de

576 1112 834 1148 Consolatione
852 1119 890 1149 et
906 1114 1005 1149 alibi.
1048 1113 1144 1149 Cum
1162 1114 1273 1160 igitur
1290 1114 1448 1149 medium
1468 1113 1666 1159 corporale
1684 1113 1862 1159 recipiens

576 1170 735 1216 speciem
761 1172 809 1206 de
834 1171 940 1217 cujus
968 1173 1136 1217 potentia
1162 1173 1339 1215 educitur,
1365 1178 1406 1207 ut
1433 1172 1532 1218 prius
1562 1172 1771 1218 probatum
1798 1177 1862 1211 est,

577 1227 689 1263 habet
707 1239 785 1264 esse
807 1230 953 1274 penitus
971 1229 1173 1276 corporale,
1192 1240 1265 1265 non
1291 1230 1424 1276 poterit
1442 1230 1531 1264 haec
1548 1229 1697 1275 species
1725 1228 1862 1264 habere

577 1286 646 1320 nisi
676 1297 756 1321 esse
787 1288 987 1332 corporale.
1054 1287 1147 1322 Item
1176 1288 1335 1323 essentia
1364 1287 1519 1322 nobilior
1545 1292 1603 1321 est
1638 1297 1754 1332 quam
1785 1285 1862 1330 ejus

577 1344 719 1378 essendi
753 1344 897 1387 modus,
926 1350 967 1380 ut
1003 1352 1142 1380 certum
1175 1351 1256 1388 est;
1292 1345 1356 1380 sed
1394 1343 1582 1390 spirituale
1612 1349 1673 1379 est
1702 1343 1861 1379 nobilius

579 1400 769 1446 corporali,
785 1411 899 1446 quare
916 1403 1048 1437 modus
1070 1402 1215 1437 essendi
1231 1402 1428 1447 spiritualis
1447 1412 1520 1436 non
1536 1401 1698 1437 debetur
1714 1401 1766 1435 rei
1784 1410 1861 1435 cor·

579 1458 695 1503 porali
721 1459 920 1494 secundum
946 1460 1153 1495 essentiam.
1197 1459 1290 1495 Item
1316 1459 1465 1506 spiritus
1488 1459 1655 1494 existens
1683 1459 1722 1493 in
1747 1468 1790 1492 se
1805 1456 1861 1492 vel

580 1516 617 1550 in
640 1527 678 1550 re
694 1516 883 1561 spirituali,
899 1517 929 1551 si
950 1524 1108 1564 ponatur
1133 1517 1324 1553 absolutus
1341 1529 1363 1552 a
1389 1527 1551 1562 corpore,
1570 1522 1611 1551 ut
1628 1516 1768 1557 anima,
1789 1525 1861 1550 non

580 1574 718 1608 amittit
749 1574 891 1620 aliquid
931 1575 979 1610 de
1018 1575 1200 1621 dignitate
1235 1575 1291 1610 sui
1335 1575 1434 1610 modi
1471 1574 1616 1609 essendi
1649 1572 1862 1619 spiritualis,

581 1642 678 1676 quae
702 1642 792 1667 suae
816 1632 996 1667 essentiae
1024 1633 1308 1678 proportionalis
1333 1637 1415 1675 est;
1448 1642 1537 1677 ergo
1562 1642 1629 1666 nec
1659 1629 1862 1677 corporalis

581 1689 736 1725 essentia
760 1689 924 1724 existens
947 1687 984 1724 in
1008 1700 1160 1736 corpore
1177 1690 1315 1726 amittit
1338 1689 1477 1735 aliquid
1495 1690 1543 1724 de
1567 1699 1649 1724 aese
1668 1687 1862 1734 corporali,

582 1747 683 1793 quod
714 1747 1009 1792 proportionatur
1037 1759 1127 1784 suae
1155 1748 1343 1783 essentiae.
1396 1747 1447 1782 Et
1476 1748 1620 1790 iterum,
1644 1747 1750 1792 quod
1781 1746 1862 1792 plus

583 1810 649 1847 est,
665 1805 811 1851 spiritus
834 1805 869 1840 in
891 1817 1044 1852 corpore
1059 1806 1287 1852 conjunctus,
1303 1806 1398 1841 sicut
1420 1804 1535 1840 forma
1555 1810 1591 1840 et
1613 1803 1804 1852 perfectio,
1823 1808 1862 1837 ut

584 1862 707 1898 anima
727 1863 924 1906 rationalis,
942 1875 1014 1899 non
1037 1865 1177 1899 amittit
1199 1875 1306 1899 suum
1322 1874 1402 1898 esse
1422 1862 1609 1908 spirituale
1626 1862 1732 1907 quod
1752 1860 1862 1897 debe·

586 1926 647 1955 tur
671 1931 759 1956 suae
775 1922 967 1964 essentiae,
984 1922 1096 1957 immo
1115 1922 1233 1967 magis
1252 1921 1349 1956 istud
1368 1932 1447 1956 esse
1471 1919 1660 1966 spirituale
1678 1919 1864 1954 redundat

585 1978 622 2012 in
639 1989 772 2024 corpus
788 1989 900 2024 quam
918 1991 939 2014 e
958 1980 1163 2022 contrari03
1189 1986 1227 2015 et
1243 1979 1285 2014 fit
1306 1978 1417 2014 homo
1434 1977 1537 2024 quasi
1557 1982 1659 2013 totus
1678 1977 1863 2023 quodam-

587 2036 699 2070 modo
724 2036 923 2081 spiritualis
948 2043 1098 2084 propter
1122 2037 1352 2073 nobilitatem
1378 2036 1522 2071 animae
1544 2034 1759 2081 spiritualis,
1779 2044 1864 2070 cum

587 2093 709 2128 anima
748 2094 796 2129 sit
834 2094 1068 2140 principalior
1102 2105 1213 2140 quam
1247 2105 1382 2141 corpus
1419 2093 1523 2139 quasi
1557 2093 1635 2127 sine
1668 2102 1863 2138 compara-

587 2150 698 2185 tione.
749 2150 986 2198 Quapropter
1009 2152 1208 2198 corporale,
1224 2163 1307 2188 cum
1332 2151 1459 2187 existit
1483 2150 1518 2186 in
1541 2149 1737 2195 corporali,
1755 2149 1866 2195 longe

588 2208 705 2243 minus
738 2210 876 2244 amittit
911 2221 990 2245 esse
1023 2210 1123 2255 quod
1161 2210 1360 2246 secundum
1400 2208 1519 2254 legem
1561 2207 1793 2254 corporalem
1833 2207 1865 2243 ei

586 2265 773 2302 debeatur.
826 2267 922 2303 Item
957 2278 1037 2304 esse
1071 2279 1146 2303 non
1178 2267 1291 2303 habet
1328 2267 1409 2312 ipsa
1447 2265 1586 2312 species
1620 2276 1643 2300 a
1677 2275 1768 2300 casu
1802 2275 1867 2300 nec

587 2323 742 2366 fortuna,
752 2325 816 2360 sed
837 2336 902 2360 nec
918 2336 941 2361 a
957 2326 1151 2369 creatione,
1162 2331 1203 2361 ut
1219 2325 1370 2371 planum
1389 2329 1454 2366 est,
1467 2335 1532 2359 nec
1543 2323 1682 2369 aliquid
1699 2328 1867 2359 creatum

588 2388 643 2417 est
674 2393 782 2418 causa
806 2384 861 2418 sui
887 2394 975 2426 esse,
999 2394 1111 2429 quare
1140 2383 1290 2419 habebit
1316 2393 1395 2417 esse
1424 2393 1472 2417 ex
1502 2381 1577 2416 suis
1604 2381 1736 2416 causis.
1791 2380 1867 2417 Sed

588 2450 721 2475 causae
757 2451 846 2475 suae
882 2447 967 2477 sunt
1002 2442 1154 2477 omnino
1192 2440 1407 2486 corporales,
1440 2439 1576 2475 scilicet
1608 2449 1793 2483 generans
1828 2444 1869 2474 et

591 2498 743 2533 materia
781 2498 992 2544 corporalis,
1029 2499 1078 2534 de
1118 2497 1222 2543 cujus
1263 2497 1429 2545 potentia
1470 2502 1675 2542 generatur.
1739 2496 1869 2542 Quare

590 2560 738 2601 oportet
766 2548 867 2601 'quod
898 2567 979 2592 esse
1007 2556 1140 2602 speciei
1174 2556 1220 2591 sit
1259 2555 1459 2601 corporale.
1510 2554 1604 2590 Item
1636 2564 1718 2589 esse
1753 2554 1870 2590 habet

591 2614 789 2649 secundum
830 2614 1005 2650 rationem
1043 2614 1157 2649 trinas
1192 2613 1448 2655 dimensiones,
1482 2611 1567 2647 licet
1600 2611 1815 2647 indistincte
1846 2623 1870 2647 a

592 2668 737 2712 medio;
763 2680 850 2714 ergo
874 2663 985 2706 habet
1007 2680 1086 2704 esse
1106 2668 1304 2714 corporale.
1356 2668 1406 2703 Et
1429 2667 1465 2703 in
1490 2666 1589 2702 idem
1612 2666 1870 2703 inconveniens

845 2753 855 2770 ⁸
875 2752 910 2781 0.
924 2753 978 2781 has
989 2754 1203 2788 exemplarium.
1241 2753 1304 2781 'rhe
1316 2757 1377 2781 text
1391 2752 1504 2780 follows
1518 2751 1594 2787 Reg.
