2350 3580
598 723 962 758 PERSPECTWAE
989 723 1117 757 PARS
1147 723 1346 757 TERTIA.-
1373 723 1496 757 DIST.
1524 723 1590 757 III.
1670 721 1734 766 165

456 812 589 849 eadem
616 825 672 850 re·
692 812 809 850 videri
830 825 897 860 per
921 818 1159 860 quotcunque
1183 812 1334 860 specula
1354 812 1535 857 volumus,
1555 813 1587 848 si
1607 811 1736 849 debito

458 870 574 906 modo
600 871 790 908 situentur.
839 871 891 908 Et
923 871 1007 908 ideo
1034 875 1192 918 possunt
1219 870 1457 918 propinquius
1486 875 1525 907 et
1557 869 1736 907 remotius

457 928 595 970 situati,
618 932 660 964 ut
688 929 896 964 videremus
923 939 999 964 rem
1030 932 1212 976 quantum
1241 939 1265 964 a
1289 928 1401 975 longe
1433 927 1623 964 venemus.
1673 926 1736 963 Sic

457 986 556 1021 enirn
578 985 699 1031 Julius
724 986 870 1027 Caesar.
895 987 1048 1032 quando
1079 986 1196 1022 voluit
1222 984 1403 1033 Angliam
1427 996 1654 1032 expugnare,
1679 996 1735 1021 re-

458 1041 575 1079 fertur
601 1045 767 1080 maxima
790 1043 939 1092 specula
966 1044 1137 1087 erexisse,
1164 1049 1205 1080 ut
1232 1054 1254 1080 a
1285 1043 1476 1080 Gallicano
1502 1041 1627 1080 littore
1658 1043 1737 1080 dis-

458 1101 681 1146 positionem
730 1102 921 1138 civitatutn
968 1107 1006 1138 et
1046 1109 1252 1138 castrorum
1292 1101 1456 1148 Angliae
1496 1101 1737 1148 praevideret.

459 1159 621 1195 Possunt
636 1164 760 1196 autern
777 1159 927 1206 specula.
945 1159 998 1197 sic
1020 1159 1180 1196 ordinari
1203 1163 1244 1195 ut
1265 1164 1469 1206 appareant
1494 1163 1587 1205 quot
1612 1158 1738 1194 volue-

458 1215 575 1252 rimus
589 1222 628 1252 et
645 1228 882 1264 quaecunque
908 1218 944 1252 in
967 1218 1081 1253 domo
1102 1217 1160 1253 vel
1185 1217 1334 1263 platea;
1363 1221 1402 1252 et
1421 1217 1543 1252 omnis
1558 1216 1737 1262 aspiciens

461 1284 518 1309 res
543 1273 624 1311 illas
643 1274 781 1311 videbit
803 1275 1006 1311 secundum
1032 1274 1240 1320 veritatem,
1263 1279 1302 1310 et
1326 1285 1410 1311 eum
1436 1279 1558 1310 currat
1583 1273 1630 1310 ad
1657 1272 1738 1310 loca

457 1331 610 1367 visionis
626 1331 717 1368 nihil
737 1332 908 1369 inveniet.
959 1332 1058 1369 Nam
1084 1333 1138 1368 sic
1159 1331 1352 1369 situabunt
1371 1331 1521 1380 specula
1538 1331 1575 1368 in
1592 1331 1737 1367 occulto

458 1393 626 1434 respectu
645 1400 777 1433 rerum,
795 1395 837 1425 ut
857 1389 939 1426 loca
956 1390 1156 1436 imaginum
1174 1390 1250 1425 sint
1266 1389 1304 1425 in
1327 1394 1465 1436 aperto,
1483 1394 1521 1424 et
1536 1392 1738 1436 appareant

461 1445 498 1482 in
528 1458 614 1483 aete
640 1446 678 1483 in
711 1446 970 1493 conjunctione
1003 1447 1188 1484 radiorum
1222 1446 1419 1483 visualium
1452 1458 1536 1482 cum
1570 1445 1738 1488 cathetis,

461 1510 499 1541 et
524 1505 608 1541 ideo
633 1505 848 1552 aspicientes
872 1511 1058 1542 eun-erent
1083 1506 1130 1542 ad
1156 1505 1240 1542 loca
1262 1505 1424 1545 visionis,
1441 1510 1481 1542 et
1505 1505 1739 1541 aestimarent

461 1572 519 1596 rm
544 1562 595 1597 ibi
619 1573 699 1597 esse
724 1574 808 1598 cum
835 1563 923 1598 nihil
950 1563 1068 1606 suerit,
1092 1563 1157 1598 sed
1185 1563 1370 1610 apparitio
1394 1568 1550 1597 tantum.
1613 1562 1663 1597 Et
1687 1563 1738 1598 sic

458 1620 660 1655 secundum
687 1619 898 1666 hujusmodi
923 1632 1021 1656 nunc
1045 1626 1146 1656 tacta
1172 1622 1220 1656 de
1244 1618 1446 1656 reflexione
1472 1625 1511 1655 et
1533 1619 1738 1656 consimilia

458 1683 609 1724 possent
639 1677 717 1713 fieri
745 1688 820 1714 non
848 1677 968 1714 solum
1003 1677 1105 1714 utilia
1132 1678 1261 1714 amicis
1293 1683 1330 1714 et
1365 1677 1541 1714 terribilia.
1572 1677 1739 1719 inimicis,

459 1735 527 1770 sed
550 1734 684 1771 solatia
709 1736 872 1770 maxima
897 1735 1022 1772 valent
1050 1735 1301 1783 philosophice
1324 1735 1521 1782 procurari.
1547 1741 1590 1771 ut
1616 1734 1738 1771 omnis

455 1791 704 1838 joculatorum
724 1794 868 1829 vanitas
883 1794 1094 1829 obfuscetur
1114 1804 1164 1829 ex
1190 1793 1462 1838 pulchritudine
1481 1792 1734 1828 miraculorum

458 1850 672 1896 sapientiae,
692 1856 731 1887 et
753 1851 942 1897 gaudeant
966 1851 1134 1887 homines
1159 1863 1210 1887 ex
1234 1851 1399 1894 veritate,
1416 1850 1563 1896 longius
1587 1849 1739 1886 exclusa

461 1907 688 1954 magicorum
706 1907 857 1944 fallacia„

928 2047 1178 2084 CAPrrumM
1208 2047 1272 2084 IV.

513 2141 574 2179 De
599 2141 737 2178 visione
767 2141 879 2178 fracta
914 2141 1052 2187 majora
1082 2147 1166 2178 sunt
1183 2155 1193 2182 ς
1229 2154 1314 2178 nam
1347 2142 1395 2178 de
1424 2141 1516 2178 facili
1550 2147 1653 2189 patet
1678 2154 1744 2189 per
1756 2151 1870 2180 similar
1883 2160 1930 2188 np-

461 2211 620 2237 canone·
640 2199 883 2247 supradictos,
899 2200 1000 2246 quod
1020 2200 1188 2235 maxima
1210 2206 1367 2246 possunt
1385 2211 1563 2247 apparere
1577 2200 1743 2245 minima,
1769 2188 1932 2252 Jx‘g‘fssgf‘

461 2262 502 2293 et
517 2269 540 2293 e
555 2262 696 2299 contra,
712 2261 751 2292 et
768 2257 878 2302 longe
899 2257 1079 2293 distantia
1097 2258 1316 2293 videbuntur
1334 2258 1646 2305 propinquissime
1665 2265 1702 2294 et
1723 2269 1744 2293 e
1757 2260 1882 2289 suction-

461 2327 649 2352 converso.
701 2315 798 2350 Nam
818 2326 1014 2362 possumus
1030 2316 1083 2350 sic
1110 2314 1269 2361 figurare
1285 2316 1487 2362 perspicua,
1503 2321 1542 2351 et
1563 2316 1684 2351 taliter
1700 2327 1744 2351 ea

462 2372 633 2409 ordinare
650 2379 816 2419 respectu
835 2373 948 2408 nostri
968 2372 1066 2408 visus
1091 2379 1127 2408 et
1150 2384 1282 2416 rerum,
1299 2373 1399 2419 quod
1424 2373 1634 2419 frangentur
1652 2373 1743 2409 radii

463 2437 502 2468 et
530 2429 724 2467 flectentur
750 2441 1071 2476 quorsumcunque
1097 2430 1330 2473 voluerimus,
1361 2437 1400 2467 ut
1427 2431 1496 2467 sub
1523 2441 1743 2477 quocunque

461 2488 600 2534 angulo
624 2487 847 2523 voluerimus
863 2488 1072 2523 videbimus
1094 2499 1170 2523 rem
1190 2500 1303 2534 prope
1320 2488 1378 2523 vel
1396 2489 1512 2534 longe.
1557 2489 1608 2524 Et
1625 2489 1676 2523 sic
1694 2500 1744 2523 ex

463 2544 669 2582 incredibili
688 2545 863 2581 distantia
881 2544 1084 2591 legeremus
1101 2544 1225 2581 literas
1245 2547 1505 2582 minutissimas
1523 2553 1558 2581 et
1578 2547 1745 2592 pulverea

462 2614 508 2640 ac
524 2613 652 2639 arenas
668 2612 943 2638 numeraremus
963 2606 1114 2650 propter
1132 2603 1424 2650 magnitudinem
1443 2603 1565 2650 anguli
1583 2603 1652 2639 sub
1669 2615 1744 2650 quo

462 2660 682 2702 videremus,
699 2666 736 2696 et
755 2660 920 2695 maxima
937 2672 1090 2706 corpora
1108 2661 1154 2696 de
1168 2672 1284 2706 prope
1298 2661 1362 2696 vix
1376 2662 1583 2697 videremus
1595 2666 1745 2709 propter

463 2719 684 2766 parvitatem
701 2717 825 2764 anguli
843 2718 911 2754 sub
929 2730 1004 2764 quo
1025 2718 1243 2760 videremus,
1261 2730 1345 2754 nam
1372 2719 1547 2755 distantia
1565 2731 1638 2754 non
1658 2719 1745 2755 facit

463 2776 513 2812 ad
529 2775 740 2821 hujusmodi
758 2775 918 2812 visiones
936 2775 1003 2811 nisi
1022 2788 1088 2822 per
1110 2776 1294 2818 accidens,
1312 2777 1376 2812 sed
1399 2777 1587 2822 quantitas
1605 2776 1743 2823 anguli.

466 2832 517 2868 Et
549 2833 602 2868 sic
636 2838 761 2880 posset
795 2843 886 2879 puer
919 2844 1094 2880 apparere
1129 2834 1246 2880 gigas,
1275 2839 1312 2868 et
1352 2845 1445 2868 unus
1480 2833 1593 2869 homo
1626 2835 1743 2869 videri

464 2902 582 2934 mons,
598 2895 638 2926 et
658 2891 696 2926 in
719 2902 938 2937 quacunque
961 2891 1180 2936 quantitate,
1199 2892 1401 2926 secundum
1425 2892 1525 2937 quod
1552 2903 1743 2938 possemus

464 2948 652 2984 hominem
670 2947 795 2984 videre
810 2948 879 2984 sub
899 2948 1037 2994 angulo
1054 2954 1159 2985 tanto
1183 2949 1276 2984 sicut
1305 2955 1481 2991 montem,
1500 2955 1537 2985 et
1563 2961 1678 2995 prope
1705 2956 1745 2985 ut
