2350 3580
375 3124 397 3215 *V

598 747 666 782 550
887 737 987 771 um.
992 737 1176 771 TJPLJCA
1183 737 1261 770 Tlo
1287 735 1570 770 SPECAERUM.

596 827 730 865 accidit
755 828 791 864 in
816 826 1032 875 praedictis¹
1059 827 1219 864 multum
1239 826 1408 862 debilitat
1435 825 1571 862 lucem.
1621 826 1696 863 Sed
1721 837 1745 861 a
1767 830 1875 871 parte

597 885 685 921 solis
704 897 777 921 non
799 891 855 921 est
879 885 945 921 nisi
972 896 1043 920 una
1070 884 1201 922 fractio
1225 889 1263 920 et
1289 883 1351 919 illa
1374 889 1431 920 est
1455 883 1596 928 debilis,
1614 884 1702 930 quia
1717 882 1875 919 variatio

599 942 771 989 diaphani
799 942 835 978 in
860 942 1014 988 sphaera
1039 941 1189 978 coelesti
1214 935 1254 977 et
1276 941 1432 988 sphaera
1458 941 1552 988 ignis
1576 952 1653 977 non
1681 946 1737 977 est
1765 946 1874 976 tanta

598 1000 692 1036 sicut
715 1005 771 1035 est
797 999 957 1046 crystalli
986 1004 1022 1036 et
1050 999 1157 1034 aeris.
1208 999 1304 1034 Item
1329 999 1365 1033 in
1395 1010 1478 1034 raro
1503 1004 1560 1034 ist
1586 999 1764 1045 dispersio
1788 1008 1873 1032 cor-

597 1057 779 1104 poralium
797 1058 965 1103 partium,
981 1062 1019 1092 et
1039 1058 1122 1092 ideo
1139 1057 1279 1103 species
1305 1057 1461 1092 multum
1485 1057 1709 1108 dispergitur
1733 1061 1772 1092 et
1797 1066 1872 1091 non

597 1114 731 1156 unitur.
748 1119 787 1150 et
803 1114 1117 1160 non,colliguntur
1133 1113 1250 1149 multa
1267 1114 1304 1149 in
1321 1125 1435 1160 parvo
1461 1113 1543 1150 loco
1565 1114 1662 1150 sicut
1683 1113 1717 1149 in
1742 1113 1872 1149 denso.

597 1171 837 1219 Quapropter
866 1178 1010 1219 oportet
1037 1172 1137 1218 quod
1163 1172 1213 1208 sit
1239 1171 1370 1206 debilis
1401 1172 1636 1218 operationis,
1663 1177 1700 1206 et
1724 1171 1809 1207 ideo
1834 1171 1872 1206 in

595 1229 690 1264 libro
710 1229 757 1264 de
781 1228 908 1265 Causis
926 1229 1057 1264 dicitur
1077 1229 1176 1274 quod
1194 1229 1309 1263 virtus
1332 1229 1494 1273 dispersa
1511 1233 1568 1263 est
1592 1229 1721 1264 debilis
1740 1240 1874 1275 opera-

596 1287 717 1328 tionis,
735 1292 770 1322 et
790 1286 870 1322 ideo
888 1287 979 1322 haec
995 1292 1053 1322 est
1069 1296 1181 1322 causa
1196 1296 1310 1332 quare
1327 1296 1401 1321 non
1421 1292 1543 1332 potest
1569 1286 1632 1322 diu
1656 1296 1874 1322 conservare

595 1355 636 1380 se
652 1343 686 1379 in
706 1354 786 1379 raro
803 1343 970 1389 quamvis
986 1345 1021 1379 in
1039 1344 1163 1380 denso.

644 1401 730 1436 Alia
755 1412 866 1436 eausa
886 1405 952 1442 est*
970 1402 1057 1445 quia
1077 1401 1124 1435 ab
1139 1401 1241 1435 omni
1267 1405 1403 1446 puncto
1429 1401 1523 1436 aesia
1546 1401 1654 1436 lucidi
1678 1400 1720 1436 fit
1746 1400 1871 1436 multi-

597 1457 744 1504 plicatio
761 1459 850 1493 lucis
872 1459 1077 1494 secundum
1099 1468 1226 1493 omues
1250 1459 1461 1502 diametros,
1476 1465 1515 1493 et
1538 1459 1625 1494 ideo
1643 1459 1792 1503 quando
1814 1463 1875 1494 eet

598 1526 729 1562 magna
746 1516 932 1561 quantitas
950 1515 1044 1550 sicut
1061 1515 1195 1551 accidit
1216 1515 1250 1550 in
1268 1526 1360 1557 raro,
1376 1515 1483 1561 quasi
1498 1515 1576 1551 sine
1594 1515 1873 1561 comparatione

596 1578 652 1608 est
688 1573 804 1618 major
837 1573 1014 1618 dispersio
1045 1573 1183 1618 speciei
1216 1574 1263 1607 ab
1296 1584 1341 1608 eo
1374 1584 1485 1618 quam
1518 1584 1542 1607 a
1574 1574 1698 1616 denso,
1732 1577 1770 1608 et
1799 1573 1872 1608 ista

597 1630 852 1676 multiplieatio
871 1630 1012 1666 infinita
1035 1630 1174 1666 inducit
1199 1630 1492 1666 debilitationem
1514 1631 1658 1676 speciei,
1678 1631 1873 1677 praecipue

595 1699 677 1724 cum
701 1689 748 1724 sit
777 1689 810 1724 in
839 1688 990 1724 materia
1014 1687 1148 1723 aliena.
1199 1687 1250 1723 Et
1274 1687 1361 1734 quia
1385 1687 1598 1724 debilitatur
1622 1688 1780 1724 multum
1806 1701 1872 1734 per

595 1747 775 1782 actionem
801 1746 1032 1787 exteriorem,
1057 1745 1191 1781 accidit
1214 1746 1314 1790 quod
1343 1756 1416 1781 non
1443 1751 1566 1792 potest
1589 1757 1632 1781 se
1656 1756 1872 1782 conservare

595 1804 630 1838 in
650 1804 799 1838 materia
817 1803 852 1837 in
872 1814 943 1848 qua
961 1808 1028 1844 est,
1045 1809 1082 1837 et
1101 1803 1183 1837 ideo
1201 1802 1325 1838 deficit
1343 1803 1379 1837 in
1403 1803 1566 1848 potentia
1585 1804 1767 1838 materiae.
1819 1804 1871 1839 Et

596 1860 650 1895 his
668 1862 716 1896 de
732 1860 850 1896 causis
868 1866 991 1906 potest
1010 1866 1139 1894 natura
1157 1859 1265 1894 medii
1279 1860 1452 1906 diaphani
1465 1859 1633 1907 specifica
1653 1860 1871 1896 invalescere

595 1929 704 1964 super
728 1918 886 1965 speciem
914 1918 1141 1954 debilitatem
1172 1924 1210 1951 et
1239 1918 1483 1964 corrumpitur
1510 1918 1634 1953 statim
1665 1919 1871 1955 necessario

598 1983 681 2023 post
699 1976 972 2020 generationem
990 1975 1065 2010 sine
1083 1980 1249 2021 ternpore
1265 1975 1425 2010 sensibili
1443 1976 1655 2023 intercepto.

411 2040 439 2067 {n
453 2040 536 2067 dense
648 2034 724 2069 Sed
744 2034 778 2068 in
797 2034 912 2068 denso
930 2038 1054 2078 potest
1072 2032 1134 2067 diu
1159 2044 1308 2068 manere
1323 2039 1361 2067 et
1383 2034 1521 2068 intendi
1543 2039 1694 2080 propter
1709 2035 1871 2070 rationes

418 2081 506 2102 ''²¹¹²''
519 2076 566 2102 ὼε
599 2091 806 2134 contrarias,
818 2097 858 2126 ut
875 2091 909 2126 in
928 2091 1014 2126 luna
1032 2097 1068 2126 et
1085 2090 1210 2133 stellis,
1223 2090 1310 2125 dum
1326 2091 1518 2126 radiositas
1534 2090 1623 2126 solis
1638 2092 1686 2126 sit
1700 2103 1871 2138 praesens

413 2113 573 2184 ἶϊξζΐμὴῐῗ,
599 2150 661 2192 eis,
677 2149 761 2194 quia
780 2149 815 2183 in
835 2159 948 2194 parvo
965 2148 1048 2182 loco
1071 2148 1228 2182 multum
1251 2149 1296 2182 de
1319 2148 1441 2192 specie
1461 2148 1645 2194 colligitur
1661 2155 1697 2185 et
1714 2161 1743 2197 a.
1758 2161 1872 2196 parva

418 2193 537 2248 {12:⁶3⁰
599 2207 801 2252 quantitate
828 2211 992 2251 respectu
1021 2206 1099 2245 rari,
1117 2206 1219 2251 quod
1246 2210 1391 2240 tantum
1416 2206 1565 2240 haberet
1592 2207 1638 2241 de
1661 2207 1873 2245 substantia

419 2266 472 2285 ³¹oe-
597 2265 761 2309 dispersa
792 2265 892 2309 quod
928 2265 974 2298 sit
1006 2262 1148 2298 modica
1185 2263 1363 2309 dispersio
1399 2274 1464 2309 per
1496 2264 1768 2300 multitudinem
1803 2277 1871 2301 ex-

595 2322 788 2362 teriorem;
821 2331 858 2356 et
895 2321 977 2356 idco
1010 2319 1229 2356 fortificatur
1261 2321 1401 2366 species
1427 2324 1465 2356 et
1496 2321 1696 2357 intenditur
1734 2323 1769 2358 in
1804 2323 1870 2359 tali

593 2380 719 2418 denso.
752 2383 790 2413 et
828 2389 900 2413 non
941 2379 1185 2424 corrumpitur
1223 2378 1289 2412 nisi
1332 2389 1396 2423 per
1434 2378 1672 2424 privationem
1716 2380 1872 2416 actionis

594 2438 746 2483 agentis.
799 2436 908 2472 Unde
932 2436 1019 2471 luna
1034 2442 1072 2471 et
1090 2437 1219 2471 stellae
1236 2447 1381 2481 semper
1399 2436 1523 2472 lucent
1537 2438 1605 2471 nisi
1623 2449 1687 2483 per
1705 2438 1870 2484 eclipsin,

594 2501 633 2530 et
661 2494 744 2529 ideo
772 2494 863 2529 haec
892 2499 948 2529 est
974 2504 1085 2528 causa
1114 2494 1268 2539 duplex,
1294 2504 1410 2538 quare
1439 2494 1592 2529 densum
1621 2495 1712 2530 bene
1740 2497 1871 2531 retinet

595 2553 710 2587 lucem
730 2557 766 2586 et
786 2551 997 2597 hujusmodi
1014 2551 1163 2596 species,
1181 2552 1268 2597 quia
1291 2552 1385 2586 bene
1407 2551 1685 2596 incorporantur
1705 2554 1740 2587 in
1760 2564 1815 2598 eo,
1833 2561 1871 2590 et

597 2621 668 2645 non
695 2610 744 2644 sic
770 2611 803 2643 in
831 2621 923 2644 raro.
974 2608 1014 2643 Si
1042 2610 1188 2643 dicatur
1212 2610 1312 2653 quod
1336 2610 1372 2643 in
1399 2610 1609 2654 regionibus
1632 2611 1701 2644 sub
1725 2610 1871 2646 Cancro

595 2673 630 2702 et
659 2666 744 2702 alibi
779 2673 835 2702 est
869 2665 986 2712 magis
1019 2665 1228 2702 combustio
1261 2665 1501 2710 elementaris,
1532 2672 1570 2702 et·
1603 2674 1658 2702 est
1694 2669 1743 2702 ibi
1774 2670 1873 2704 mala

595 2724 771 2759 habitatio
806 2735 872 2759 nec
908 2724 1090 2766 continua,
1121 2731 1161 2758 ut
1199 2724 1288 2760 dicit
1323 2723 1554 2760 Ptolemaeus
1586 2724 1678 2760 libro
1705 2726 1753 2761 de
1783 2726 1871 2762 Dis-

594 2780 777 2825 positione
795 2779 992 2824 sphaerae,
1003 2784 1228 2825 quapropter
1245 2780 1445 2814 manebunt
1463 2780 1603 2824 species
1624 2786 1661 2815 et
1678 2782 1871 2817 continua-

595 2838 730 2872 buntur
755 2837 833 2871 sine
861 2837 1117 2882 corruptione;
1152 2836 1350 2872 dicendum
1379 2843 1443 2879 est,
1470 2838 1570 2882 quod
1605 2848 1676 2873 non
1712 2844 1871 2884 oportet,

593 2894 678 2939 quia
704 2893 786 2928 licet
812 2901 1092 2940 corrumpantur
1117 2895 1221 2940 quasi
1248 2894 1419 2928 infinities
1443 2895 1514 2928 illic
1541 2895 1576 2928 in
1603 2895 1663 2930 die
1685 2896 1778 2932 sicut
1799 2897 1871 2941 hic,

739 2966 747 2982 ¹
768 2966 786 2995 i.
795 2976 818 2994 e.
835 2976 865 2994 uz
880 2976 925 2994 we
938 2976 998 2994 saw
1012 2967 1173 3002 previously
1187 2978 1193 2995 z
1212 2977 1236 2995 e.
1248 2977 1273 3002 g.
1290 2968 1316 2995 in
1332 2977 1356 3003 p.
1374 2968 1427 3002 536
1439 2968 1496 2995 and
1510 2967 1678 2995 elsewhere.
