2350 3580
585 720 655 764 346
825 720 998 753 OPERIS
1022 720 1232 760 MMORJS
1258 720 1385 754 PARS
1411 720 1634 754 SEPTIMA.

587 811 650 847 sed
668 810 791 846 adhuc
808 811 901 846 inter
919 810 1014 846 mala
1030 810 1176 846 volutor
1203 810 1372 857 plurima.
1425 810 1510 846 Non
1534 817 1592 846 eet
1614 810 1715 857 quod
1740 821 1800 846 me
1815 811 1864 846 ad

588 868 781 904 formulam
801 879 921 903 meam
939 869 1070 915 exigas
1087 895 1094 903 .
1114 892 1123 903 .
1143 895 1151 903 .
1171 868 1284 903 Facio
1298 879 1357 903 me
1370 874 1405 903 et
1421 867 1541 903 formo
1556 875 1594 904 et
1610 868 1658 903 ad
1672 867 1867 915 exemplar

590 926 717 972 ingens
750 924 890 961 attollo.
943 924 983 961 Si
1026 936 1235 971 processero
1259 931 1441 971 quantum
1467 926 1654 972 proposui.
1685 926 1796 970 exige
1821 931 1863 960 ut

588 983 696 1019 dictis
739 981 837 1019 sacta
879 982 1143 1029 respondeant)
1194 982 1269 1018 Sed
1319 984 1510 1026 secundus,
1550 987 1558 1001 ⁸
1571 989 1757 1019 assecutus
1784 1008 1792 1017 .
1819 1007 1829 1017 .
1856 1005 1866 1013 ·

588 1039 739 1076 humani
775 1040 862 1075 boni
901 1051 1045 1075 summa
1083 1040 1190 1077 aliter
1223 1047 1345 1075 tecum
1384 1046 1481 1087 aget,
1513 1047 1552 1077 et
1589 1041 1689 1076 dicet
1727 1039 1867 1080 stulto;

591 1098 755 1132 Primum
788 1109 859 1132 non
895 1103 952 1133 eet
981 1097 1080 1144 quod
1118 1098 1185 1132 tibi
1219 1098 1413 1143 permittas
1445 1099 1493 1132 de
1527 1098 1740 1133 melioribus
1774 1097 1867 1132 feroe

588 1154 830 1196 sententiam3
856 1154 943 1190 mihi
968 1154 1056 1200 jam,
1077 1154 1176 1201 quod
1201 1160 1456 1201 argumentum
1484 1161 1541 1190 est
1567 1154 1667 1198 recti,
1684 1153 1866 1200 contingit

590 1212 694 1248 malis
717 1212 917 1258 displicere.
939 1239 946 1245 .
966 1238 974 1245 .
993 1212 1151 1248 Divitias
1167 1223 1263 1257 nego
1281 1212 1420 1248 bonum
1439 1223 1518 1247 esse
1535 1225 1543 1247 :
1569 1223 1655 1247 nam
1677 1213 1708 1248 si
1733 1217 1866 1253 essent,

590 1270 708 1305 bonos
730 1269 901 1304 facerent.
954 1269 1061 1304 Nune
1081 1270 1258 1314 quoniam
1276 1270 1376 1315 apud
1399 1270 1515 1305 malos
1532 1269 1867 1314 deprehenduntur,

590 1328 687 1362 bona
703 1327 775 1362 dici
795 1338 866 1361 non
883 1332 1039 1372 possunt
1054 1339 1063 1368 3
1092 1327 1162 1361 hoc
1181 1326 1252 1361 illis
1274 1336 1410 1362 nomen
1427 1336 1523 1372 nego
1541 1353 1547 1361 .
1570 1353 1576 1361 .
1594 1327 1612 1361 .'

405 1400 477 1434 cap.
493 1405 534 1433 ²5-
639 1388 646 1402 ¹
664 1384 761 1419 Pone
775 1384 812 1419 in
826 1383 1105 1430 opulentissima
1123 1394 1185 1419 me
1201 1385 1315 1419 domo
1330 1395 1339 1427 ;
1364 1395 1463 1429 pone
1478 1394 1607 1420 aurum
1621 1390 1658 1420 et
1668 1388 1864 1429 argeutum

593 1466 600 1475 .
620 1469 628 1477 .
648 1467 655 1475 .
676 1452 748 1476 non
772 1442 966 1485 suspiciam
991 1452 1050 1476 me
1072 1442 1123 1476 ob
1150 1442 1230 1483 ista,
1250 1452 1354 1486 quae,
1374 1442 1518 1476 etiamsi
1543 1441 1643 1486 apud
1672 1452 1740 1483 me,
1757 1446 1867 1476 extra

590 1510 650 1534 me
672 1505 797 1534 tamen
821 1503 907 1533 suut
923 1524 932 1532 .
951 1525 959 1534 .
978 1523 986 1533 .
1006 1499 1105 1533 Inter
1123 1504 1274 1543 egentes
1296 1499 1427 1544 abige:
1454 1510 1527 1534 non
1550 1505 1685 1534 tamen·
1698 1499 1783 1533 ideo
1805 1509 1866 1533 me

589 1555 799 1602 despiciam,
819 1556 919 1601 quod
946 1555 981 1591 in
1008 1555 1150 1591 illorum
1176 1567 1330 1591 numero
1355 1556 1555 1591 consedero
1581 1555 1644 1601 qui
1662 1566 1792 1591 manus
1818 1555 1865 1590 ad

590 1614 724 1658 stipem
743 1613 941 1658 porrigunt.
994 1611 1094 1658 ¹Quid
1117 1614 1216 1647 enim
1239 1613 1285 1647 ad
1309 1624 1385 1648 rem
1407 1625 1454 1648 an
1474 1613 1630 1648 fmstum
1647 1613 1753 1658 panis
1772 1613 1866 1647 doeit

590 1672 646 1706 cui
675 1681 746 1705 non
772 1669 876 1705 deest
902 1669 992 1704 mori
1019 1673 1152 1716 posse?
1168 1695 1177 1705 .
1199 1696 1208 1705 .
1225 1695 1234 1705 .
1254 1670 1381 1705 Nihilo
1407 1681 1465 1705 me
1493 1669 1689 1705 feliciorem
1718 1670 1866 1705 credam

590 1728 688 1773 quod
715 1727 803 1762 mihi
828 1727 937 1762 molle
961 1727 1030 1762 erit
1050 1727 1263 1769 amiculum.
1285 1728 1385 1773 quod
1408 1738 1569 1774 purpura
1592 1728 1752 1763 convivia
1776 1727 1868 1763 meis

589 1786 843 1820 substernetur
860 1808 868 1818 .
892 1811 899 1818 .
926 1811 932 1818 .
959 1783 1085 1820 Nihilo
1114 1785 1283 1819 miserius
1305 1796 1376 1827 ero,
1394 1786 1425 1819 si
1447 1785 1546 1820 lassa
1573 1785 1698 1819 cervix
1723 1795 1803 1819 moe
1829 1785 1867 1819 in

591 1842 777 1888 manipulo
799 1840 895 1876 foeni
917 1843 1150 1887 adquiescet.
1172 1867 1181 1876 .
1201 1867 1210 1876 .
1229 1842 1343 1877 Nulla
1362 1843 1450 1877 hora
1474 1843 1554 1876 sine
1576 1843 1701 1888 aliqua
1716 1841 1865 1888 querela

590 1906 646 1934 est
661 1912 668 1943 ;
695 1910 767 1934 non
782 1899 866 1934 ideo
876 1910 934 1934 me
948 1899 1068 1935 dicam
1083 1900 1176 1934 inter
1190 1900 1390 1935 miserrima
1405 1899 1578 1935 miserum
1592 1925 1601 1933 .
1621 1926 1627 1933 .
1647 1925 1655 1934 .
1674 1899 1865 1934 Provisum

590 1964 648 1992 est
664 1958 759 1991 enirn
779 1969 801 1991 a
819 1968 878 1991 me
895 1967 941 1991 ne
961 1957 1043 2002 quis
1070 1957 1157 1991 mihi
1181 1964 1263 1992 ater
1283 1957 1364 1992 dies
1383 1964 1479 1992 esset
1498 1984 1505 1990 .
1525 1980 1534 1990 .
1554 1983 1563 1990 .
1583 1957 1685 2003 Ergo
1701 1968 1774 1991 non
1796 1968 1867 2004 ego

590 2015 706 2056 aliter,
741 2015 858 2059 inquit
890 2015 1048 2060 sapiens,
1079 2015 1163 2049 vivo
1203 2026 1316 2060 quarn
1350 2015 1490 2060 loquor.
1556 2014 1632 2050 Sed
1664 2026 1730 2049 vos
1763 2015 1869 2050 aliter

590 2072 735 2108 auditis.
786 2071 908 2107 Sonus
925 2073 1185 2107 tantummodo
1208 2071 1401 2107 verborum
1425 2073 1474 2107 ad
1501 2082 1607 2108 aures
1629 2079 1769 2108 vestras
1787 2084 1869 2118 per-

590 2130 690 2165 venit
706 2142 713 2165 :
738 2129 826 2175 quid
843 2129 1026 2175 significet
1041 2140 1114 2165 non
1132 2129 1321 2175 quaeritis.

405 2201 475 2237 Cap.
494 2199 535 2228 25,
639 2187 761 2232 ‘Quid
788 2198 875 2232 ergo
901 2187 997 2222 inter
1021 2198 1081 2222 me
1105 2187 1261 2222 stultum
1288 2193 1324 2222 et
1352 2193 1390 2222 te
1414 2188 1618 2233 sapientem
1645 2188 1807 2230 interest,
1835 2189 1867 2224 si

593 2251 744 2290 uterque
764 2245 898 2280 habere
912 2245 1081 2280 volumus
1099 2246 1272 2280 divitias?
1323 2246 1536 2280 Plurimum.
1587 2245 1748 2280 Divitiae
1767 2246 1865 2281 enirn

590 2305 690 2348 apud
724 2303 928 2349 sapientem
961 2305 1077 2338 virum
1114 2302 1150 2337 in
1185 2304 1363 2338 servitute
1396 2308 1492 2342 sunt,
1517 2302 1616 2348 apud
1647 2302 1800 2338 stultum
1829 2305 1865 2338 in

590 2361 755 2407 imperio.
808 2359 963 2407 Sapiens
981 2361 1115 2395 divitiis
1134 2361 1222 2395 nihil
1239 2360 1427 2407 permittit,
1445 2361 1547 2396 vobis
1567 2360 1716 2396 divitiae
1734 2361 1868 2398 omnia.

590 2418 669 2453 Vos
697 2424 875 2462 tanquam
913 2418 1045 2462 aliquis
1072 2418 1176 2453 vobis
1214 2424 1401 2453 aeternam
1435 2418 1705 2463 possessionem
1740 2430 1865 2453 earum

592 2476 808 2522 promiserit.
828 2475 1037 2511 assuescitis
1056 2474 1124 2511 illis
1139 2477 1410 2519 etcohaeretis;
1434 2477 1581 2522 sapiens
1598 2482 1685 2511 tunc
1703 2477 1867 2512 maxime

590 2541 848 2580 paupertatem
877 2533 1184 2569 meditatur'cum
1211 2534 1245 2568 in
1272 2534 1403 2569 mediis
1434 2533 1572 2569 divitiis
1596 2534 1763 2569 constitit
1787 2559 1796 2568 .
1825 2560 1834 2569 .
1860 2561 1867 2569 .

591 2592 766 2626 Marcetis
794 2593 828 2625 in
856 2591 986 2625 vestris
1017 2591 1123 2625 rebus
1153 2602 1221 2626 nec
1252 2591 1422 2637 cogitatis
1445 2598 1536 2636 quot
1566 2602 1672 2626 casus
1703 2592 1863 2638 undique

590 2650 815 2691 immineant,
830 2649 907 2693 jam
921 2648 1074 2694 jamque
1092 2650 1254 2693 pretiosa
1271 2647 1388 2694 spolia
1405 2647 1525 2683 laturi.
1576 2649 1743 2693 Sapienti
1763 2651 1863 2694 quis·

590 2708 672 2752 quis
690 2705 881 2741 abstulerit
910 2705 1059 2740 divitias
1081 2706 1205 2741 omnia
1232 2705 1283 2740 illi
1310 2717 1376 2741 sua
1401 2705 1587 2751 relinquet.
1640 2706 1740 2741 Vivit
1767 2706 1865 2741 enim

590 2764 843 2812 praesentibus
861 2763 988 2806 laetus,
1006 2763 1134 2800 futuris
1152 2775 1312 2800 securus,
1363 2763 1463 2798 Nihil
1483 2764 1598 2809 magis
1616 2763 1788 2798 Socrates
1806 2764 1867 2800 ille

593 2851 599 2859 .
621 2850 628 2857 .
647 2848 656 2857 .
672 2823 851 2869 persuasit
870 2821 959 2856 mihi
983 2833 1097 2867 quarn
1123 2833 1169 2857 ne
1192 2823 1239 2857 ad
1265 2822 1454 2867 opiniones
1476 2827 1616 2855 vestras
1643 2828 1747 2856 aetus
1772 2823 1867 2857 vitae

593 2893 695 2917 moee
730 2880 923 2915 flecterem.
977 2879 1097 2916 Solita
1125 2880 1290 2915 conferte
1323 2880 1485 2924 undique
1510 2880 1643 2914 verba:
1678 2891 1752 2914 non
1778 2891 1867 2915 con-

590 2940 715 2976 viciari
732 2948 799 2973 vos
815 2939 968 2984 putabo,
983 2938 1048 2973 sed
1070 2938 1194 2984 vagire
1215 2937 1314 2973 velut
1339 2936 1494 2973 infantes
1521 2935 1763 2973 miserrimos’
1792 2938 1867 2974 scio
