2350 3580
451 570 492 598 ull
504 570 590 597 direc-

452 607 526 634 tions
538 615 569 634 as

452 643 522 671 from
534 642 582 671 the

452 684 545 707 centre
556 679 589 707 os

452 724 469 743 a
482 715 589 753 aphere-

454 2017 528 2043 llow
541 2017 581 2044 far

453 2052 500 2080 the
512 2052 598 2089 :lupe

452 2089 510 2116 oia
523 2097 553 2116 ra
584 2089 608 2116 is

452 2124 533 2153 affect
579 2126 607 2153 in

452 2162 543 2196 pas-in

452 2198 552 2234 throug
588 2207 622 2225 an

451 2234 551 2263 orifioe.

638 487 705 521 492
939 477 980 509 M
982 476 1039 510 UL
1046 476 1227 509 TIPLICA
1234 475 1279 508 TI
1281 476 1311 507 Ο
1337 473 1625 508 SPECJERUM.

639 576 752 612 agens
784 565 946 611 undique
979 570 1017 600 et
1051 565 1086 598 in
1121 574 1268 599 ornnem
1302 568 1443 608 partem
1476 567 1514 598 et
1532 562 1773 598 'secundum
1805 571 1925 596 omnes

639 625 839 659 diametros
857 622 943 658 facit
956 622 1123 668 speciem·
1135 632 1250 664 suam,
1262 626 1303 656 ut
1317 622 1514 667 probatum
1527 626 1584 656 est
1604 621 1716 665 prius
1731 618 1758 655 ¹.
1808 619 1924 665 Quare

640 686 787 727 oportet
804 681 904 726 quod
922 691 1035 726 agens
1051 680 1098 716 sit
1115 685 1279 715 centrum
1297 690 1319 714 a
1335 690 1409 724 quo
1427 678 1546 713 lineae
1562 679 1602 713 in
1614 689 1777 713 omnem
1792 683 1924 723 partem

639 738 862 785 procedant3
898 738 962 773 sed
992 737 1085 773 tales
1112 736 1232 772 lineae
1261 743 1347 772 sunt
1373 736 1638 772 semidiametri
1667 736 1870 782 sphaerae,
1892 740 1923 769 et

640 808 713 832 non
730 802 886 843 possunt
903 795 1088 831 terminari
1109 795 1176 829 nisi
1196 795 1243 830 ad
1267 793 1493 839 superficiem
1518 793 1777 840 sphaericam.
1837 793 1923 828 Item

638 860 769 889 natura
795 853 883 889 facit
906 853 1005 898 quod
1033 849 1162 887 melius
1188 857 1244 887 est
1268 852 1316 887 ad
1342 851 1495 887 salutem
1523 852 1584 893 rei,
1601 858 1642 887 et
1665 852 1762 887 ideo
1779 850 1926 896 acquirit

639 912 707 948 sibi
734 911 900 958 figuram,
926 922 1021 956 quae
1046 911 1159 956 magis
1184 916 1357 955 operatur
1380 910 1427 944 ad
1453 909 1626 944 salutem.
1684 908 1772 945 Sed
1804 908 1925 944 vicinia

639 970 796 1017 partium
814 969 850 1003 in
869 974 951 1004 toto
967 974 1023 1003 est
1041 968 1205 1003 maxime
1221 967 1408 1013 operativa
1424 967 1551 1002 salutis
1567 978 1703 1002 earum
1728 973 1772 1002 et
1798 967 1925 1008 totius;

638 1027 723 1072 quia
739 1027 867 1063 divisio
883 1031 921 1062 et
938 1026 1126 1061 distractio
1144 1036 1269 1060 earum
1287 1025 1396 1060 saluti
1417 1025 1578 1060 maxime
1598 1029 1817 1071 repugnat;
1841 1035 1924 1069 qua-

639 1089 789 1130 propter
804 1084 924 1119 omnis
941 1088 1066 1119 natura
1086 1084 1275 1129 acquirens
1292 1083 1362 1119 sibi
1379 1082 1533 1129 figuram
1547 1093 1597 1118 ex
1611 1093 1683 1118 sua
1698 1083 1924 1128 proprietate

638 1143 749 1178 debet
766 1152 942 1187 quaerere
958 1140 1057 1176 illam
1078 1152 1173 1186 quae
1191 1141 1355 1176 maxime
1372 1140 1483 1176 habet
1499 1140 1675 1176 viciniam
1703 1141 1871 1186 partium
1891 1139 1923 1174 in

640 1205 731 1241 toto,
757 1198 826 1234 nisi
856 1205 1006 1245 propter
1033 1209 1179 1234 causam
1210 1198 1355 1234 finalem
1385 1203 1573 1244 repugnet.
1627 1197 1708 1234 Sed
1747 1199 1843 1234 haec
1874 1203 1924 1232 at

639 1257 837 1303 sphaerica,
852 1257 1024 1303 quoniam
1048 1267 1176 1291 omnes
1200 1262 1322 1303 partes
1347 1257 1429 1302 plus
1451 1256 1660 1291 viduantur
1681 1256 1721 1291 in
1749 1267 1799 1290 ea
1818 1265 1923 1300 quam

640 1314 677 1350 in
707 1315 786 1357 alia,
813 1325 897 1349 curn
922 1325 995 1349 non
1024 1314 1207 1359 pellantur
1233 1314 1269 1350 in
1297 1314 1452 1360 angulos
1479 1324 1545 1348 nec
1572 1313 1703 1356 latera,
1730 1314 1770 1349 in
1798 1314 1924 1359 quibus

638 1372 777 1407 distant
815 1378 937 1419 partes
976 1372 1023 1407 ad
1063 1372 1240 1414 invicem;
1281 1377 1505 1419 quapropter
1542 1371 1609 1406 lux
1646 1372 1828 1418 adquiret
1860 1371 1922 1406 sibi

639 1429 794 1476 figuram
821 1429 1054 1475 sphaericam,
1079 1430 1172 1465 sicut
1200 1436 1328 1476 guttae
1354 1430 1442 1465 roris
1471 1429 1679 1475 pendentes
1707 1440 1733 1465 a
1761 1430 1921 1465 terminis

638 1486 834 1522 herbarum
852 1487 1079 1534 sphaericam
1097 1488 1165 1522 sibi
1179 1488 1333 1533 figuram
1352 1487 1552 1532 acquirunt,
1563 1487 1742 1533 quamvis
1762 1488 1802 1523 in
1820 1489 1919 1523 rebus

639 1545 818 1585 animatis,
826 1551 976 1592 propter
982 1546 1215 1591 operationes
1226 1545 1368 1580 animae
1378 1545 1507 1585 varias,
1519 1549 1670 1591 oportet
1683 1546 1792 1591 quod
1807 1544 1916 1592 figura

638 1602 687 1638 sit
703 1604 901 1638 secundum
920 1603 1144 1650 exigentiam
1163 1602 1414 1649 operationum
1432 1602 1597 1645 animae3
1631 1608 1673 1638 et
1697 1602 1776 1639 hoc
1797 1603 1918 1638 volunt

638 1671 765 1697 omnes
785 1667 964 1697 auctores.
1010 1655 1170 1697 'Possent
1193 1667 1318 1696 autem
1344 1661 1500 1696 rationes
1525 1661 1584 1696 hic
1608 1660 1735 1696 induci
1764 1661 1816 1696 de
1840 1672 1917 1708 pro-

640 1718 857 1763 prietatibus
898 1718 1035 1765 figurae
1076 1719 1310 1765 sphaericae;
1354 1719 1418 1755 sed
1454 1719 1539 1764 quia
1574 1725 1663 1753 sunt
1702 1730 1917 1754 commun&

640 1775 844 1822 figurationi
873 1776 1027 1812 aliarum
1052 1787 1172 1812 rerum
1198 1777 1394 1811 multarum
1419 1782 1456 1812 et
1482 1770 1649 1823 propriae
1678 1777 1832 1822 speciei,
1857 1787 1917 1812 nec

639 1839 696 1868 est
721 1844 868 1868 necesse
893 1835 1005 1869 modo
1029 1845 1092 1869 eas
1116 1834 1247 1876 induci,
1268 1834 1350 1869 ideo
1376 1839 1611 1880 pertranseo;
1639 1833 1797 1869 inferius
1822 1835 1914 1869 enim

638 1891 733 1925 circa
774 1891 900 1925 mundi
942 1901 1095 1937 corpora
1137 1891 1328 1938 figuranda
1360 1892 1647 1927 considerabitur
1683 1892 1782 1927 ratio
1818 1892 1916 1927 istius

638 1947 787 1994 figurae.

687 2004 762 2041 Sed
789 2006 826 2041 in
851 2006 1063 2052 oppositum
1091 2006 1255 2053 arguitur
1278 2007 1377 2053 quod
1405 2007 1470 2042 lux
1496 2007 1631 2042 cadens
1655 2017 1723 2052 per
1749 2007 1913 2042 foramen

639 2063 840 2110 oblongum
883 2064 939 2099 vel
983 2064 1264 2110 multiangulum
1306 2065 1405 2100 cadit
1448 2064 1484 2099 in
1523 2064 1678 2109 figuram
1713 2066 1914 2100 secundum

638 2119 891 2166 figurationem
918 2121 1113 2165 foraminis,
1131 2123 1323 2169 praecipue
1347 2123 1376 2157 si
1401 2122 1448 2157 sit
1472 2122 1699 2167 aliquantum
1727 2133 1915 2168 magnum,

636 2178 720 2223 quia
737 2178 766 2213 si
784 2178 831 2214 sit
848 2178 955 2214 valde
979 2190 1142 2225 parvum,
1159 2185 1247 2216 tunc
1273 2180 1395 2216 lumen
1421 2180 1456 2215 in
1483 2178 1598 2226 figura
1621 2180 1722 2215 cadit
1745 2180 1914 2216 rotunda.

639 2235 689 2270 Et
713 2235 907 2271 dicendum
933 2243 1000 2281 est,
1018 2237 1119 2282 quod
1146 2237 1228 2273 licet
1253 2238 1289 2272 in
1314 2238 1489 2273 distantia
1511 2248 1623 2283 parva
1648 2248 1722 2272 non
1748 2239 1915 2284 acquirat

636 2293 703 2328 sibi
728 2292 882 2339 figuram
909 2294 1081 2339 debitam,
1107 2300 1230 2330 tamen
1256 2294 1292 2330 in
1321 2294 1513 2331 sufficienti
1539 2294 1715 2330 distantia
1740 2296 1915 2341 acquiret.

637 2350 787 2396 Quanto
813 2351 908 2386 enim
936 2350 1098 2387 foramen
1128 2357 1184 2387 est
1213 2352 1339 2398 majus,
1364 2359 1470 2389 tanto
1503 2353 1539 2387 in
1575 2352 1704 2398 majori
1738 2353 1916 2389 distantia

637 2408 802 2453 acquirit,
829 2409 915 2454 quia
947 2409 1084 2445 scilicet
1118 2409 1273 2456 majores
1305 2410 1548 2446 dimensiones
1574 2409 1762 2446 foraminis
1794 2412 1915 2447 multi·

638 2465 740 2501 lateri
762 2466 878 2512 magis
896 2479 918 2502 a
943 2466 1078 2503 circulo
1102 2472 1140 2503 et
1164 2466 1319 2513 sphaera
1342 2467 1572 2515 elongantur.
1622 2467 1662 2504 Si
1679 2467 1778 2503 enim
1797 2469 1916 2515 paries

638 2523 692 2557 in·
716 2529 860 2560 tantum
901 2537 924 2560 a
965 2524 1139 2561 foramine
1182 2525 1422 2571 elongaretur,
1455 2531 1633 2571 quantum
1666 2526 1834 2562 foramen
1867 2528 1916 2563 ab

638 2587 781 2627 agente,
798 2587 839 2616 ut
863 2593 885 2616 a
909 2582 996 2625 sole,
1014 2582 1070 2617 vel
1096 2582 1178 2626 alio,
1196 2594 1340 2618 neeesse
1365 2587 1422 2618 est
1447 2584 1546 2628 quod
1571 2584 1710 2629 species
1734 2584 1826 2620 solis
1853 2584 1917 2621 fiat

637 2639 801 2684 aequalis
818 2641 1042 2686 proportioni
1059 2641 1144 2678 solis
1161 2641 1412 2687 multiplicanti
1429 2641 1591 2688 speciem
1614 2641 1725 2686 illam,
1743 2648 1785 2678 ut
1811 2649 1916 2689 patet

1171 2716 1180 2733 ¹
1202 2716 1259 2744 See
1272 2724 1299 2751 p.
1314 2716 1378 2751 458.
