2350 3580
854 688 984 721 PARS
1011 688 1165 721 SEXTA
1182 699 1196 720 .·
1235 687 1337 722 CAP.
1364 687 1426 722 112.
1702 694 1774 731 549

488 782 641 824 propter
659 777 730 814 hoc
746 779 846 824 quod
861 783 966 815 aetus
982 778 1129 816 creandi
1145 785 1203 816 est
1225 778 1343 816 solum
1367 782 1534 826 respectu
1554 788 1770 826 pennanen·

488 833 582 869 tium
599 835 917 881 producendorum
937 848 984 872 ex
1003 836 1125 872 nihilo.

537 890 579 927 Si
608 891 752 929 dicatur
782 895 883 939 quod
916 905 1001 929 arca
1027 892 1105 939 jam
1133 895 1242 939 sacta,
1270 892 1302 930 si
1331 892 1542 937 pervolvatur,
1570 898 1608 929 et
1636 891 1767 928 iterum
1780 899 1868 929 εἰκὼ.

487 949 759 996 conjungantur
782 957 917 998 partes,
941 951 1070 988 eadem
1097 961 1181 987 arca
1204 950 1274 987 erit
1296 950 1334 987 in
1360 961 1512 987 numero
1536 956 1574 987 et
1598 949 1767 996 ejusdem
1779 937 1908 1001 &2¹2⁰

488 1006 610 1052 pretii,
650 1018 739 1058 «περ
779 1019 894 1054 agens
934 1008 1061 1044 finitae
1101 1008 1288 1054 potentiae
1327 1013 1452 1054 potest
1500 1007 1618 1044 facere
1666 1008 1765 1043 idem
1780 1009 1939 1046 pieoesmd

488 1074 668 1108 numos-03
709 1066 906 1102 dicendum
934 1071 1000 1108 est.
1023 1067 1125 1112 quod
1151 1066 1356 1102 materialia
1387 1077 1494 1102 arcae
1521 1071 1606 1101 sunt
1636 1065 1764 1102 eadem
1778 1053 1907 1116 ᾎῖἷζᾱ,
1923 1082 1947 1109 1⁸

488 1132 644 1158 numero
679 1123 832 1170 penitus.
865 1125 933 1160 sed
966 1124 1187 1170 compositio
1222 1124 1382 1171 partium
1415 1129 1472 1160 est
1507 1122 1578 1159 alia
1612 1133 1767 1158 numero
1779 1118 1950 1182 ῗοῑξξψ

489 1190 600 1224 quam
635 1181 748 1225 prius,
783 1187 821 1217 et
861 1181 954 1218 haec
994 1181 1216 1227 compositio
1255 1185 1313 1218 eet
1353 1181 1470 1218 forma
1510 1191 1616 1217 arcae
1655 1190 1769 1226 quarn

488 1237 623 1272 artifex
657 1239 881 1284 introducit;
921 1239 1008 1285 quia
1040 1239 1195 1275 materia
1238 1238 1286 1274 rei
1327 1238 1527 1274 artificialis
1567 1243 1626 1274 est
1665 1243 1770 1273 natu·
1799 1276 1803 1279 s

490 1294 577 1330 ralis
608 1296 825 1335 substantia.
855 1302 891 1333 et
925 1295 1041 1332 forma
1075 1295 1272 1333 artificialia
1305 1303 1363 1333 est
1390 1296 1559 1333 accidens
1583 1302 1623 1333 et
1652 1294 1774 1332 debile

489 1352 579 1398 quid
613 1360 782 1400 respectu
817 1355 990 1390 materiae
1021 1354 1114 1399 talis,
1149 1354 1234 1390 ideo
1265 1353 1399 1401 vulgus
1432 1355 1622 1391 materiam
1658 1353 1770 1390 talem

489 1411 662 1446 aestimat
681 1413 799 1460 magis
812 1423 934 1447 arcam
949 1423 1060 1459 quam
1077 1412 1396 1458 compositionem.
1443 1411 1518 1447 Sed
1533 1419 1657 1447 tamen
1673 1412 1772 1447 unde

493 1467 726 1504 artificiatum
744 1475 810 1510 est,
828 1474 977 1516 oportet
992 1470 1090 1515 quod
1110 1468 1354 1505 constituatur
1370 1469 1407 1505 in
1424 1481 1505 1505 esse
1522 1468 1692 1516 specifico
1707 1480 1774 1515 per

491 1527 609 1572 ipsam
644 1528 951 1573 compositionem
983 1537 1094 1574 quam
1129 1537 1190 1564 ars
1216 1526 1426 1570 introducit,
1453 1527 1540 1574 quia
1565 1537 1623 1564 ars
1652 1526 1772 1563 solum

493 1584 689 1621 introducit
719 1585 1023 1631 compositionem
1053 1584 1165 1629 illam,
1193 1595 1240 1621 eo
1264 1585 1366 1632 quod
1396 1596 1456 1621 ars
1488 1595 1561 1620 non
1592 1583 1681 1621 facit
1707 1584 1774 1621 nisi

490 1640 646 1676 formam
664 1641 899 1685 artificialem,
917 1646 953 1677 et
971 1642 1054 1677 ideo
1070 1653 1165 1686 arca,
1182 1643 1281 1678 unde
1303 1653 1388 1678 arca
1412 1649 1467 1678 est
1490 1653 1547 1678 res
1564 1641 1772 1685 artificialis,

489 1698 633 1734 dicetur
648 1711 719 1735 una
737 1711 888 1735 numero
906 1698 962 1735 vel
981 1701 1103 1746 plures
1120 1711 1188 1746 per
1204 1701 1382 1736 unitatem
1393 1699 1451 1736 vel
1470 1701 1771 1736 numerositatem

489 1757 778 1804 compositionis,
795 1763 833 1794 et
850 1768 923 1794 non
942 1757 1118 1794 materiae
1133 1768 1248 1794 arcae.

959 1957 1213 1996 CAH-sumu
1242 1958 1306 1995 IV.

540 2044 688 2080 Deinde
708 2045 892 2091 quaeritur
908 2051 1051 2091 quarto,
1068 2056 1114 2080 an
1133 2045 1170 2080 in
1188 2056 1272 2081 aere
1288 2050 1325 2080 et
1341 2044 1403 2091 huj
1410 2046 1552 2081 asmodi
1567 2045 1769 2091 diaphanis,
1783 2053 1845 2097 ‘nge
1856 2058 1938 2090 agent

490 2101 639 2148 quando
657 2102 894 2138 continuatur
910 2103 1117 2148 praesentia
1137 2102 1284 2149 agentis
1299 2114 1407 2149 super
1424 2114 1477 2147 ca,
1494 2102 1634 2149 species
1652 2102 1767 2149 prima
1782 2090 1890 2162 ἓξὲξ(
1909 2126 1957 2156 the

492 2165 639 2194 maneat
655 2160 835 2199 continue.
852 2161 941 2196 dum
959 2171 1071 2207 agens
1094 2165 1150 2196 est
1171 2171 1356 2207 praesens,
1372 2160 1428 2196 vel
1450 2166 1714 2208 corrumpatur.
1729 2167 1767 2196 et
1780 2146 1943 2198 generatim

490 2216 561 2252 alia
588 2225 790 2261 renovetur,
815 2222 852 2253 et
879 2218 928 2253 sic
959 2218 1063 2265 quasi
1092 2217 1263 2253 infinities
1289 2218 1323 2253 In
1350 2218 1410 2253 die
1434 2218 1612 2254 artificiali
1638 2218 1767 2253 eadem
1780 2198 1914 2262 2:¹ss3ss
1927 2236 1960 2262 ος

490 2274 557 2310 fiat
573 2275 712 2320 species
730 2274 765 2310 in
783 2286 867 2310 aere
884 2280 919 2310 et
938 2280 1193 2322 corrumpatur
1216 2287 1281 2322 per
1301 2276 1483 2312 actionem
1505 2276 1603 2312 solis.
1654 2275 1767 2322 Quod
1779 2272 1957 2336 fffmin

490 2343 580 2368 vero
613 2332 717 2379 quasi
749 2332 919 2368 infinities
951 2338 1208 2378 corrumpatur
1245 2338 1283 2369 et
1321 2340 1527 2374 renovetur,
1561 2339 1663 2380 patet
1702 2343 1767 2379 per
1780 2344 1879 2381 imper-

490 2395 657 2425 auctores
680 2390 944 2436 Perspectivae.
995 2390 1092 2425 Nam
1110 2389 1280 2424 Alhazen
1299 2391 1334 2426 in
1353 2391 1514 2427 secundo
1531 2391 1625 2428 libro
1647 2392 1766 2429 deter·
1779 2380 1901 2452 ἓξὲξ

493 2448 617 2491 minat,
634 2448 733 2494 quod
757 2447 926 2483 alteratio
952 2447 1121 2493 diaphani
1140 2459 1208 2493 per
1223 2447 1432 2493 hujusmodi
1452 2450 1592 2495 specim
1618 2455 1767 2488 nonest

492 2504 568 2541 fixa
584 2516 654 2540 nec
675 2516 903 2551 permanenS,
919 2507 985 2541 sed
1002 2505 1077 2541 cito
1092 2511 1290 2551 generatur
1305 2511 1343 2542 et
1359 2507 1434 2542 cito
1450 2507 1712 2554 corrumpitur„

541 2563 635 2599 Item
670 2563 741 2598 hoc
775 2568 879 2609 patet
911 2573 977 2609 per
1008 2562 1088 2605 hoc,
1121 2563 1223 2609 quod
1256 2563 1287 2598 si
1321 2562 1574 2610 multiplicatio
1608 2564 1698 2600 lucis
1729 2572 1767 2603 et

489 2620 659 2656 collectio
676 2620 711 2655 in
728 2622 860 2656 eodem
872 2620 954 2656 loco
967 2632 1033 2666 per
1047 2621 1229 2657 modicam
1243 2621 1456 2659 fractionem
1471 2628 1507 2658 et
1521 2621 1768 2670 reflexionem,

493 2683 534 2714 ut
548 2679 648 2724 prius
666 2677 979 2724 exemplificatum
998 2682 1063 2720 est,
1078 2679 1219 2714 inducit
1236 2679 1527 2715 combustionem
1545 2669 1767 2721 sensibilem,

490 2742 578 2772 tunc
604 2735 712 2781 longe
739 2735 855 2781 magis
880 2735 985 2771 fieret
1008 2735 1191 2772 sensibilis
1214 2736 1423 2772 combustio
1443 2737 1473 2772 si
1496 2737 1547 2773 ab
1572 2742 1653 2772 ortu
1678 2737 1767 2774 solis

489 2804 637 2838 semper
651 2800 815 2829 maneret
835 2793 949 2839 prima
966 2793 1114 2840 species,
1134 2800 1171 2829 et
1192 2793 1441 2830 intenderetur
1463 2794 1634 2830 continue
1652 2805 1765 2841 usque

489 2852 536 2887 ad
560 2862 732 2887 occasum
758 2862 823 2897 per
845 2851 1038 2886 continuas
1062 2851 1391 2898 multiplicationes
1418 2852 1617 2898 praecipue
1642 2857 1683 2887 ut
1707 2852 1766 2888 hic

489 2921 561 2945 non
589 2914 686 2944 esset
716 2907 866 2956 reflexio
896 2920 963 2944 nec
994 2907 1132 2952 fractio,
1160 2910 1356 2955 praecipue
1385 2908 1536 2955 duplex,
1563 2921 1657 2956 quae
1683 2921 1765 2946 cum
