2350 3580
836 673 962 707 PARS
987 674 1211 709 SECUNDA
1223 688 1236 708 .·
1275 677 1375 711 CAP.
1404 678 1472 713 111.
1722 681 1791 725 467

517 758 705 797 fractionis
731 768 771 798 et
798 763 924 810 anguli
951 765 1151 810 quantitas,
1178 768 1380 804 secundum
1404 769 1506 815 quod
1536 780 1672 817 corpus
1701 772 1791 808 aub-

515 817 617 853 tilius
640 825 697 854 est
721 819 842 855 minus
865 826 903 856 et
927 823 1047 868 magis
1069 823 1213 860 subtile-

566 874 752 921 Figurabo
779 877 889 924 igitur
916 879 954 914 in
986 880 1104 925 plania
1135 886 1174 918 et
1206 881 1406 928 sphaericis
1436 885 1625 929 quomodo
1657 885 1788 921 intelli·
1802 886 1967 917 munti«

513 936 650 978 guntur
665 934 759 970 radii
775 934 880 971 fracti
897 941 935 972 et
950 947 1026 973 non
1043 937 1157 975 fracti.
1208 938 1333 976 Primo
1357 940 1393 976 in
1419 940 1562 987 planis3
1594 947 1632 977 et
1656 942 1788 989 loquor

514 989 563 1026 de
619 1001 771 1037 corpore
821 994 984 1030 secundo

514 1047 648 1092 planae
664 1048 882 1096 superficiei,
897 1051 986 1096 quia

512 1105 563 1140 de
585 1105 663 1151 ejus
687 1105 805 1153 figura
827 1113 884 1143 est
902 1114 983 1144 tota

511 1161 578 1199 vis.
644 1162 684 1199 Si
724 1174 815 1210 ergo
851 1176 983 1212 corpus

511 1221 712 1257 secundum
758 1222 808 1258 sit
849 1222 983 1269 planae

509 1277 725 1323 superficiei,
740 1284 828 1314 tunc
859 1279 983 1316 radius

510 1334 659 1371 veniens
675 1336 981 1381 perpendiculari·

509 1396 567 1428 ter
611 1403 686 1428 non
720 1392 901 1440 frangitur
940 1400 981 1431 ut

508 1449 650 1486 dictum
666 1456 748 1493 δὴ
771 1451 837 1486 sed
852 1462 981 1488 omnes

509 1518 594 1542 non
660 1509 981 1555 perpendiculares

508 1564 736 1611 franguntur.
809 1565 851 1602 Si
891 1576 981 1612 ergo
1335 1567 1458 1603 Fra-15.

507 1632 643 1668 corpus
665 1624 863 1659 secundum
889 1624 990 1669 quod
1014 1629 1072 1659 est
1097 1622 1247 1669 planum
1277 1624 1426 1659 densius
1449 1628 1516 1666 est,
1540 1627 1627 1658 tunc
1651 1622 1783 1658 fractio

506 1685 574 1723 at,
588 1683 630 1715 ut
644 1680 785 1717 dietum
803 1686 871 1724 est,
886 1681 982 1716 inter
997 1680 1177 1717 incessum
1199 1686 1339 1717 rectum
1364 1686 1403 1717 et
1423 1674 1520 1717 inter
1544 1680 1782 1727 perpendicu-

507 1736 620 1773 larem
645 1737 854 1774 ducendam
878 1750 901 1774 a
925 1738 1010 1774 loco
1033 1738 1220 1774 fractionis
1245 1738 1283 1774 in
1307 1738 1396 1774 illud
1422 1748 1555 1785 eorpus
1578 1737 1782 1775 secundum

826 2504 890 2533 Fre.
905 2506 948 2541 76.
1478 2500 1541 2528 Fxo.
1555 2508 1598 2535 77.

498 2610 569 2646 hoc
609 2610 731 2645 modo.
785 2607 826 2645 Si
858 2618 947 2643 vero
978 2618 1111 2653 corpus
1143 2604 1345 2642 secundum
1382 2609 1439 2640 ωε
1473 2603 1652 2647 subtilius,
1684 2609 1772 2639 tune

497 2668 659 2704 incessus
674 2671 795 2703 rectus
812 2664 854 2702 fit
871 2665 966 2701 inter
980 2664 1189 2700 fractionem
1213 2668 1251 2699 et
1273 2661 1610 2709 perpendicularem
1632 2661 1771 2697 ducen-

497 2726 585 2761 dam
602 2735 625 2760 a
642 2724 724 2760 loco
739 2723 937 2764 fractionis,
954 2721 1056 2757 verbi
1072 2721 1201 2767 gratia.
1251 2719 1294 2755 Si
1314 2730 1402 2754 vero
1418 2729 1553 2764 corpus
1567 2718 1769 2755 secundum

496 2783 596 2829 quod
625 2781 674 2817 eit
701 2780 933 2827 sphaericum
962 2784 1020 2815 eet
1047 2778 1195 2815 densius
1220 2776 1342 2824 priori,
1369 2781 1456 2812 tunc
1483 2774 1545 2810 fiet
1574 2775 1702 2811 fractio
1734 2774 1771 2809 in

496 2838 685 2886 superficie
709 2838 789 2884 ejus
812 2838 907 2873 inter
929 2836 1110 2872 incensum
1134 2840 1276 2871 rectum
1300 2840 1339 2870 et
1366 2831 1706 2880 perpendicularem
1731 2831 1770 2867 in

496 2902 661 2933 centrum
679 2894 759 2942 ejus
778 2894 986 2931 ducendam
1005 2905 1028 2930 a
1046 2892 1129 2928 loeo
1151 2891 1338 2928 fractionis
1357 2890 1429 2926 hoc
1450 2889 1574 2925 modo.
1624 2887 1665 2926 Si
1681 2899 1770 2925 vero

1801 924 1839 960 by
1848 924 1910 952 din-

1798 967 1902 996 ‘nn-
