2350 3580
627 707 691 740 ιφ
889 697 1062 731 OPERIS
1087 696 1296 737 uasoms
1321 697 1450 730 PARS
1473 697 1642 730 SEXTA.

622 787 814 835 apparitio,
830 791 868 825 et
890 787 973 824 ideo
994 799 1069 824 nou
1085 791 1211 835 potest
1230 798 1310 824 esse
1324 786 1461 824 veritas
1481 787 1558 828 sed.
1570 786 1649 822 sola
1669 785 1904 835 apparentia.

624 845 673 881 Et
690 845 761 881 hoc
778 849 835 882 est
850 845 1083 881 manifestum
1100 856 1167 891 per
1181 845 1349 890 superius
1365 845 1464 881 dieta
1480 844 1527 880 de
1544 844 1735 891 pyramide
1745 842 1900 887 visuali3

621 897 850 949 quae'quuin
872 902 972 939 cadit
987 907 1068 939 tota
1084 900 1261 939 in'locum
1283 902 1485 948 pyramidis
1505 901 1616 945 iridis,
1633 907 1721 938 tunc
1744 906 1900 949 apparet

619 965 701 997 tota
717 961 777 997 iris
792 960 1254 1007 secundumquantitatem
1272 960 1306 996 ei
1320 959 1527 1007 possibilem
1538 959 1647 1006 juxta
1665 958 1900 996 altitudinem

618 1023 658 1053 et
673 1018 944 1070 depressionem
977 1017 1065 1053 solis
1093 1022 1130 1053 et
1156 1017 1270 1063 juxta
1301 1017 1477 1053 materiae
1505 1016 1807 1063 dispositionem
1846 1016 1899 1052 ita

619 1077 718 1121 quod
737 1076 766 1111 si
783 1075 839 1111 sol
855 1074 903 1110 sit
921 1076 957 1110 in
973 1074 1174 1118 horizonte,
1191 1081 1230 1110 et
1253 1074 1405 1110 materia
1425 1074 1475 1110 sit
1497 1080 1725 1120 praeparata,
1740 1079 1899 1121 apparet

618 1133 681 1169 iris
701 1132 977 1170 semicircularis
994 1132 1050 1169 vel
1074 1131 1194 1178 major
1210 1131 1330 1179 portio
1352 1130 1538 1178 sphaerae.
1556 1131 1760 1167 dummodo
1783 1142 1898 1178 pyra-

619 1190 689 1226 mis
715 1190 859 1226 visualis
883 1194 966 1226 tota
988 1190 1099 1225 cadat
1123 1190 1158 1224 in
1184 1189 1307 1224 locum
1332 1188 1536 1234 pyramidis
1562 1189 1674 1225 iridis.
1724 1188 1840 1235 Quod
1865 1189 1897 1224 si

617 1248 673 1283 sol
702 1248 751 1283 sit
777 1248 815 1283 iu
843 1247 1034 1283 horizonte
1061 1253 1099 1283 et
1129 1247 1283 1283 materia
1310 1247 1356 1282 sit
1385 1251 1613 1293 praeparata,
1636 1246 1703 1282 sed
1728 1246 1899 1292 pyramis

617 1304 765 1341 visualis
786 1314 860 1340 ,non
883 1305 992 1341 eadat
1008 1310 1088 1341 tota
1110 1304 1148 1340 in
1169 1304 1290 1340 locum
1314 1304 1515 1350 pyramidis
1536 1303 1647 1346 iridis,
1663 1309 1752 1340 tunc
1771 1302 1898 1340 solum

617 1362 806 1409 apparebit
822 1363 870 1397 de
890 1373 974 1399 arcu
999 1362 1108 1404 iridis.
1125 1367 1305 1407 quantum
1330 1361 1431 1407 capit
1454 1361 1552 1396 basis
1574 1360 1779 1407 pyramidis
1796 1361 1898 1396 visus

616 1420 665 1455 de
689 1419 770 1455 loco
796 1420 917 1462 iridis;
950 1430 1039 1465 ergo
1065 1418 1300 1455 manifestum
1326 1424 1383 1454 est
1412 1420 1512 1465 quod
1541 1417 1605 1455 iris
1633 1429 1707 1457 non
1738 1422 1796 1454 est
1825 1419 1897 1455 uisi

615 1475 732 1514 solum
755 1476 790 1512 in
812 1482 1020 1523 conspectu.

1078 1625 1330 1663 CAPITULUM
1359 1625 1423 1662 IX.

429 1717 506 1761 puch
519 1717 588 1761 drop
666 1712 810 1747 Deinde
830 1713 1134 1748 considerandum
1159 1717 1215 1747 est
1238 1713 1336 1758 quod
1359 1712 1419 1747 iris
1444 1718 1498 1747 est
1522 1711 1645 1757 imago
1669 1711 1767 1753 solis,
1785 1718 1826 1749 et
1844 1714 1894 1749 ad

428 1755 515 1818 ffioffi
524 1763 600 1818 ,Tssm‘
615 1768 686 1805 hoc
703 1769 977 1816 imaginandum
994 1771 1172 1806 debemus
1190 1770 1415 1806 considerare
1435 1769 1656 1809 sententiam
1676 1769 1839 1807 Senecae
1857 1772 1895 1807 in

428 1826 550 1870 necans
613 1826 708 1863 libro
732 1828 779 1863 de
799 1827 897 1870 iride,
917 1827 1093 1872 quoniam
1117 1833 1268 1873 oportet
1290 1837 1426 1873 ponere
1450 1828 1585 1863 nubem
1610 1837 1827 1874 suspensam
1854 1828 1894 1864 in

428 1871 599 1898 ownmmgc.
614 1895 708 1926 aere,
726 1891 765 1920 et
783 1885 1003 1920 rotationem
1023 1886 1307 1923 descendentem
1330 1884 1377 1920 ab
1400 1896 1454 1926 ea.
1470 1884 1574 1930 cujus
1594 1895 1709 1920 conus
1731 1885 1831 1923 cadit
1852 1887 1893 1923 in

614 1946 756 1985 terram,
772 1947 810 1981 et
832 1943 930 1977 basis
957 1943 1139 1978 circularis
1161 1943 1310 1988 attingit
1332 1942 1601 1979 concavitatem
1624 1943 1740 1978 nubis.
1792 1943 1893 1980 Sunt

613 2010 701 2046 ergo
729 1998 912 2035 stillicidia
943 1999 1083 2035 infinita
1111 2011 1245 2045 parvae
1279 1999 1503 2045 quantitatis,
1530 2005 1567 2036 et
1596 2010 1618 2035 a
1650 2000 1819 2046 quolibet
1848 2000 1894 2038 fit

613 2056 766 2092 reflexio
788 2057 881 2092 sicut
901 2069 924 2092 a
946 2057 1137 2102 sphaerico
1157 2056 1319 2103 speculo,
1336 2062 1374 2092 et
1396 2057 1570 2102 quoniam
1594 2058 1676 2093 sine
1696 2057 1891 2094 intervallo

611 2114 846 2156 descendunt,
866 2114 1037 2150 videntur
1061 2126 1110 2150 ex
1134 2114 1309 2150 distantia
1334 2115 1547 2155 continuari,
1572 2123 1611 2150 et
1635 2115 1718 2151 ideo
1741 2116 1894 2152 videtur

612 2171 737 2217 imago
761 2171 848 2207 solis
875 2172 1050 2208 continua
1077 2177 1113 2208 et
1137 2182 1210 2208 non
1236 2172 1432 2218 multiplex
1456 2173 1656 2208 secundum
1684 2171 1889 2209 multitudi-

610 2239 696 2265 nem
724 2228 1012 2272 stillicidiorum
1047 2236 1085 2266 et
1113 2229 1281 2265 similiter
1308 2235 1363 2265 est
1392 2229 1430 2265 in
1455 2229 1596 2265 circulis
1625 2230 1796 2267 coloratis
1821 2242 1891 2278 per

608 2287 868 2332 aspersionem.
920 2287 970 2322 Et
999 2288 1050 2322 sic
1083 2287 1236 2322 solvitur
1265 2287 1425 2332 objectio
1456 2298 1552 2333 quae
1580 2293 1703 2333 posset
1733 2288 1810 2324 fieri
1840 2289 1890 2326 de

609 2343 844 2380 multitudine
875 2344 1085 2390 imaginum.
1139 2344 1213 2380 Sed
1241 2344 1288 2380 de
1314 2344 1439 2391 figura,
1463 2344 1672 2391 quantitate
1698 2350 1738 2381 et
1763 2344 1889 2383 colore

610 2401 815 2444 dubitatum
839 2408 876 2438 et
890 2402 1083 2437 dicendum
1103 2408 1170 2443 est,
1183 2402 1282 2448 quod
1301 2401 1450 2448 specula
1465 2402 1654 2448 sphaerica
1669 2409 1707 2440 et
1723 2403 1889 2440 maxime

608 2470 721 2504 parva
746 2464 890 2494 mutant
912 2459 1158 2504 quantitatem
1183 2465 1219 2494 et
1241 2459 1393 2506 figuram
1416 2460 1467 2494 rei
1485 2460 1585 2495 visae
1608 2459 1732 2495 multis
1754 2462 1889 2504 modia,

608 2522 646 2552 et
677 2518 832 2552 reddunt
861 2517 997 2562 figuras
1028 2523 1288 2558 monstruosas,
1312 2522 1352 2553 et
1376 2508 1555 2562 dissipant
1584 2522 1701 2553 totam
1731 2529 1886 2567 propor-

608 2574 746 2610 tionem
769 2574 929 2620 partium
955 2575 1006 2610 rei
1028 2576 1077 2610 ab
1101 2574 1270 2617 invicem,
1288 2580 1326 2610 ut
1346 2580 1450 2620 patet
1477 2575 1512 2610 in
1536 2575 1780 2621 perspectivis.
1834 2576 1887 2612 Et

608 2631 786 2677 dissipata
803 2631 919 2678 figura
941 2638 978 2666 et
994 2633 1212 2677 quantitate,
1230 2633 1341 2666 etiarn
1362 2643 1426 2678 per
1444 2642 1669 2678 consequens
1685 2632 1887 2680 dissipatur

608 2689 788 2724 ordinatio
821 2689 1097 2734 proprietatum,
1130 2701 1228 2735 quae
1265 2690 1420 2735 exigunt
1452 2689 1607 2736 figuram
1647 2696 1685 2726 et
1716 2691 1885 2727 debitam

606 2745 861 2791 quantitatem,
879 2753 914 2782 et
932 2753 1088 2792 possunt
1105 2747 1268 2782 colorem
1288 2747 1490 2790 immutare,
1508 2753 1546 2782 et
1563 2749 1609 2782 de
1626 2759 1698 2783 non
1718 2748 1886 2786 colorato

606 2802 724 2838 facere
740 2803 899 2839 colorem
921 2815 1108 2851 apparere,
1123 2810 1161 2839 et
1179 2816 1199 2840 e
1219 2815 1403 2840 converso·
1456 2805 1506 2840 Et
1528 2805 1614 2851 quia
1629 2805 1698 2841 ,lux
1714 2805 1884 2854 incorpo-

604 2867 683 2912 rata
700 2861 735 2895 in
755 2861 906 2896 materia
923 2861 1145 2897 assimilatur
1161 2862 1283 2905 colori¹
1296 2861 1380 2897 licet
1399 2862 1434 2897 in
1450 2863 1601 2897 veritate
1618 2874 1689 2897 non
1706 2863 1755 2899 sit
1770 2864 1884 2907 color,

606 2923 645 2953 ut
680 2918 795 2953 nubes
830 2931 932 2954 rarae
966 2919 1132 2954 videntur
1165 2919 1274 2955 albae
1309 2927 1346 2955 et
1382 2920 1521 2966 spissae
1554 2921 1725 2956 videntur
1758 2921 1884 2968 nigrae
