2350 3580
625 525 695 560 510
927 515 1027 550 MUL
1034 515 1216 549 TIPLICA
1223 515 1300 549 Tlo
1325 515 1613 549 SPECJERUM.

627 605 709 642 telis
734 606 781 642 de
806 606 953 649 Anima,
980 607 1080 652 quod
1110 606 1249 651 species
1278 605 1328 641 rei
1357 605 1559 651 corporalis
1587 605 1709 641 habet
1742 616 1829 641 esse
1855 604 1914 640 im-

629 663 819 699 materiale
845 670 884 699 et
912 675 992 699 esse
1024 663 1213 710 spirituale
1237 664 1275 698 in
1305 664 1449 705 medio;
1482 662 1689 699 dicendum
1721 669 1798 702 est,
1822 662 1913 707 quod

628 721 777 757 omnino
788 721 1064 767 intelligendum
1078 727 1136 757 est
1148 721 1197 756 de
1209 732 1289 756 esse
1302 720 1512 762 insensibili,
1526 721 1574 756 ad
1590 721 1700 766 quod
1715 720 1854 766 vulgus
1864 719 1914 754 vel

629 778 828 814 translator
849 779 964 815 traxit
987 780 1058 814 hoc
1082 789 1217 814 nomen
1243 778 1439 824 spirituale,
1457 783 1610 824 propter
1634 778 1913 814 similitudinem

629 847 749 871 rerum
772 836 1017 882 spiritualium
1038 837 1085 872 ad
1106 835 1343 872 insensibiles.
1395 836 1494 872 Nam
1518 847 1576 871 res
1592 836 1819 881 spirituales
1838 840 1914 870 sunt

628 893 867 936 insensibiles,
883 898 922 929 et
947 895 1029 929 ideo
1052 893 1294 929 convertimus
1318 904 1523 929 sermonem
1546 893 1757 939 vulgariter
1780 899 1914 928 tranm—

630 956 773 987 mentes
788 951 859 986 hoc
875 962 1010 987 nomen
1027 951 1239 986 insensibile
1255 951 1305 988 ad
1320 951 1518 997 spirituale,
1530 956 1574 986 ut
1590 962 1710 987 omne
1724 951 1832 997 quod
1849 961 1914 985 non

629 1008 742 1043 habet
765 1019 845 1044 esse
861 1007 1032 1044 sensibile
1056 1008 1164 1044 nobis
1187 1008 1330 1044 dicatur
1353 1009 1492 1045 habere
1513 1019 1597 1044 aese
1621 1008 1860 1054 intelligibile
1882 1012 1914 1042 et

629 1065 827 1112 spirituale.
877 1064 939 1101 Sic
958 1065 1146 1111 spirituale
1166 1070 1223 1101 est
1242 1066 1442 1112 aequivoce
1460 1071 1672 1111 acceptum,
1691 1071 1732 1101 et
1754 1069 1913 1100 remanet

629 1123 808 1158 veraciter
834 1122 882 1158 de
911 1128 1042 1159 natura
1069 1123 1260 1169 corporali.
1290 1128 1329 1159 et
1361 1124 1562 1159 secundum
1595 1134 1683 1159 esse
1716 1121 1913 1169 corporale.

631 1180 683 1216 Et
703 1180 788 1216 ideo
799 1181 900 1226 quod
913 1180 1134 1216 Aristoteles
1150 1181 1240 1216 dicit
1257 1181 1418 1216 secundo
1434 1181 1481 1216 de
1497 1180 1652 1224 Anima,
1662 1182 1772 1226 quod
1789 1190 1912 1215 sensus

629 1238 783 1285 suscipit
821 1239 961 1284 species
995 1238 1223 1274 sensibilium
1266 1239 1344 1274 sine
1383 1238 1559 1281 materia;
1600 1238 1813 1274 dicendum
1852 1243 1912 1278 est,

631 1297 730 1341 quod
763 1296 839 1341 ipse
866 1295 978 1332 sumit
1007 1296 1058 1331 ibi
1084 1296 1163 1332 sine
1193 1297 1358 1338 materia,
1382 1295 1452 1331 hoc
1482 1301 1539 1331 est
1564 1295 1828 1336 immateriale,
1852 1304 1912 1340 pro

630 1353 850 1396 insensibili;
887 1364 961 1389 non
999 1365 1067 1400 pro
1102 1353 1294 1399 spirituali,
1326 1354 1525 1389 secundum
1563 1353 1668 1399 quod
1709 1352 1912 1399 opponitur

629 1411 819 1456 corporali.
854 1410 928 1446 Sed
945 1411 976 1446 si
992 1411 1182 1447 cavillator
1197 1411 1297 1447 dicat
1313 1411 1454 1457 species
1474 1410 1612 1446 habere
1628 1421 1715 1446 esse
1731 1410 1911 1449 sensibile,

631 1471 673 1501 ut
689 1471 793 1512 patet
808 1466 858 1501 de
874 1466 974 1501 radio
996 1466 1152 1501 cadente
1168 1478 1233 1512 per
1250 1465 1456 1507 fenestram,
1472 1472 1510 1502 et
1530 1466 1577 1502 de
1595 1466 1725 1511 specie
1748 1466 1910 1502 colorum

629 1523 791 1564 sortium,
810 1529 850 1558 ut
875 1528 978 1570 patet
1002 1534 1086 1559 cum
1113 1524 1238 1560 radius
1262 1529 1432 1570 penetrat
1452 1524 1544 1559 vitra
1564 1522 1624 1558 vel
1648 1534 1799 1569 pannos
1822 1524 1911 1558 bene

629 1580 823 1623 coloratos,
837 1581 914 1626 jam
939 1580 1123 1617 solutum¹
1149 1586 1205 1617 est
1231 1581 1389 1627 primum
1414 1582 1514 1627 quod
1537 1580 1610 1617 hoc
1634 1587 1694 1617 est
1722 1581 1759 1616 in
1786 1580 1908 1626 paucis

629 1639 833 1684 speciebus,
850 1644 888 1674 et
910 1639 947 1674 in
968 1638 1038 1675 illis
1062 1640 1097 1675 in
1117 1639 1250 1685 quibus
1272 1643 1328 1675 est
1347 1639 1482 1675 accidit
1505 1644 1543 1675 et
1564 1649 1633 1684 per
1654 1639 1833 1674 accidens
1848 1643 1910 1680 est.

631 1702 672 1731 ut
689 1697 789 1743 prius
806 1697 1018 1743 expositum
1036 1702 1103 1732 est.

446 1756 537 1798 Reply
548 1759 593 1802 10„
679 1753 792 1799 Quod
817 1760 942 1790 autem
967 1760 1095 1791 contra
1120 1754 1282 1790 medicos
1306 1755 1469 1790 dicentes
1497 1753 1748 1789 substantiam
1773 1753 1909 1789 cerebri

444 1793 608 1856 ᾒζζῗέἶῗξ
631 1811 780 1847 mollem
813 1817 854 1847 ut
888 1812 1039 1857 recipiat
1071 1817 1178 1857 aptas
1212 1811 1347 1857 figuras
1379 1811 1601 1857 imaginandi
1636 1822 1682 1847 eo
1717 1812 1824 1857 quod
1858 1822 1910 1846 res

444 1865 490 1893 ‘¹¹²
503 1873 569 1907 ΜΡ·
631 1869 781 1904 humida
807 1869 854 1904 de
882 1868 979 1904 sacili
1008 1869 1137 1914 recipit
1165 1869 1429 1914 impressiones
1458 1868 1648 1905 Avicenna
1681 1869 1834 1905 decimo
1864 1869 1910 1903 de

443 1901 584 1965 3222?ss
631 1925 866 1962 Animalibus
894 1926 982 1962 dicit
1009 1927 1080 1962 sub
1110 1926 1165 1961 bis
1189 1926 1331 1969 verbis3
1358 1929 1367 1944 ‘
1383 1926 1480 1961 Nam
1505 1926 1650 1961 videtur
1680 1926 1772 1962 mihi
1805 1927 1911 1968 istud,

443 1973 592 2047 ffiffi‘iss
631 1984 733 2029 quod
747 1994 804 2019 res
819 1983 972 2020 humida
983 1984 1032 2019 de
1045 1983 1138 2019 sacili
1152 1984 1289 2030 recepit
1302 1984 1569 2025 alterationem,
1581 1983 1648 2018 sed
1662 1994 1739 2019 non
1752 1995 1910 2024 omnem,

444 2046 527 2075 ninas.
631 2042 698 2076 sed
724 2040 824 2076 illam
857 2052 953 2086 quae
982 2048 1038 2077 est
1066 2052 1150 2076 cum
1180 2041 1360 2076 divisione
1388 2046 1425 2076 et
1456 2040 1667 2086 receptione
1697 2040 1909 2086 figurarum.

632 2098 707 2134 Sed
735 2099 948 2150 imaginatio
973 2104 1011 2134 et
1035 2099 1241 2134 aestimatio
1267 2109 1340 2134 non
1369 2103 1455 2134 sunt
1483 2109 1568 2134 cum
1599 2104 1705 2133 motu
1737 2099 1912 2145 corporis,

631 2157 688 2192 vel
712 2157 889 2192 divisione
911 2156 1035 2201 aliqua
1059 2157 1094 2191 in
1121 2168 1286 2201 corpore,
1310 2162 1461 2203 propter
1471 2167 1579 2201 -,quae
1602 2156 1715 2191 verba
1742 2157 1912 2191 videatur

631 2214 733 2260 quod
767 2213 907 2259 species
943 2225 1016 2249 non
1050 2214 1186 2249 debeat
1219 2213 1356 2249 habere
1392 2224 1472 2249 esse
1507 2212 1721 2259 corporale;
1758 2220 1798 2249 et
1830 2214 1912 2249 ideo

631 2268 843 2317 spirituale.²
881 2271 1025 2307 Dicitur
1040 2271 1088 2306 ad
1107 2271 1178 2307 hoc
1196 2272 1323 2317 primo,
1336 2271 1435 2316 quod
1453 2270 1650 2306 auctoritas
1669 2268 1912 2306 Aristotelis¹

633 2328 819 2374 praevalet
852 2328 889 2363 in
922 2328 991 2364 hac
1024 2335 1140 2376 parte,
1166 2329 1412 2365 determinans
1446 2328 1540 2364 libro
1572 2328 1619 2362 de
1654 2327 1844 2364 Memoria
1876 2334 1913 2364 et

633 2385 930 2429 Reminiscentia,
947 2386 1048 2431 quod
1069 2396 1174 2421 senes
1196 2386 1332 2421 habent
1348 2385 1507 2421 debilem
1525 2384 1740 2420 memoriam
1760 2391 1913 2432 propter

632 2443 783 2478 nimiam
801 2442 1002 2478 siccitatem
1018 2454 1250 2488 organorum,
1267 2453 1421 2489 quorum
1438 2453 1575 2488 organa
1592 2447 1677 2477 sunt
1698 2442 1797 2478 sicut
1814 2443 1912 2488 ligna

632 2500 783 2546 antiqua
809 2498 1012 2545 putrefacta
1037 2511 1132 2545 quae
1158 2510 1231 2535 non
1257 2501 1350 2536 bene
1381 2500 1558 2546 recipiunt
1586 2500 1849 2544 impressiones
1876 2506 1913 2536 et

633 2556 767 2603 figuras
784 2567 903 2591 rerum
919 2570 928 2598 3
953 2562 991 2592 et
1007 2557 1108 2603 pueri
1123 2557 1354 2592 nihilominus
1372 2556 1509 2593 habent
1528 2555 1663 2592 malam
1682 2559 1913 2601 memoriam,

669 2629 677 2645 Ι

667 2672 679 2688 ¹
697 2629 741 2699 ἓξ
751 2637 896 2702 gletjgn'a,
910 2681 970 2706 cap.
988 2681 1011 2699 x.
1048 2672 1110 2700 Tine
1129 2673 1293 2707 metaphora
1312 2672 1346 2700 of
1362 2673 1486 2707 running
1505 2676 1597 2699 water
1616 2672 1674 2699 and
1694 2672 1730 2699 of
1745 2681 1763 2699 ι
1782 2673 1914 2708 decayed

630 2716 756 2743 wooden
775 2715 867 2743 house
885 2724 935 2743 are
954 2716 1025 2743 used
1044 2720 1075 2743 to
1093 2724 1213 2751 express
1232 2716 1281 2743 the
1299 2716 1379 2743 short
1398 2716 1549 2743 memories
1562 2715 1595 2743 ot
1603 2715 1653 2743 the
1663 2723 1767 2751 young
1783 2717 1844 2744 and
1863 2717 1913 2744 the

631 2759 679 2786 old
692 2758 889 2794 respectively.
929 2758 977 2787 On
990 2759 1104 2787 neither
1115 2767 1168 2787 can
1182 2760 1231 2788 the
1243 2760 1303 2787 scal
1316 2760 1397 2787 leave
1409 2768 1427 2786 a
1439 2762 1608 2794 permanent
1618 2758 1803 2794 inuare-ion.
