2350 3580
616 732 685 775 264
852 732 1026 766 OPERIS
1052 733 1262 771 MAJoRls
1288 733 1415 766 PARS
1442 733 1664 767 SEPTIMA.

617 826 807 869 peccatum
821 827 878 858 est
890 826 1019 859 contra
1034 821 1201 858 ordinem
1218 826 1380 867 naturae,
1393 831 1482 868 ergo
1499 822 1586 858 mali
1600 834 1679 859 esse
1695 821 1896 858 desistunt.

619 878 669 916 Et
697 880 781 916 ideo
807 890 954 916 necesse
982 885 1040 916 est
1063 884 1105 916 ut
1130 890 1225 927 quos
1252 880 1301 916 ab
1326 879 1487 917 humana
1521 880 1733 917 conditione
1756 879 1897 925 dejeeit

617 937 832 984 improbitas
856 936 947 972 infra
969 937 1125 973 hominis
1150 938 1321 973 meritum
1341 937 1523 975 detrudat.
1576 937 1708 975 Evenit
1734 948 1826 983 ergo
1855 940 1895 972 ut

615 1006 725 1041 quem
758 995 1058 1030 transformatum
1086 995 1185 1030 vitiis
1211 995 1336 1030 videas
1368 995 1556 1030 hominem
1592 995 1787 1043 aestimare
1819 1005 1895 1030 non

615 1051 746 1098 possis.
797 1051 849 1088 Et
874 1051 990 1095 insert,
1007 1052 1178 1088 ·avaritia
1200 1052 1315 1088 servet
1340 1051 1538 1088 aiienarum
1567 1062 1681 1098 opum
1705 1051 1894 1088 violentus

615 1112 786 1157 ereptor?
815 1109 890 1155 lupi
910 1109 1065 1144 similem
1083 1109 1232 1144 dixeris.
1284 1109 1405 1144 Ferox
1428 1113 1466 1144 et
1492 1109 1555 1155 qui
1581 1109 1743 1155 linguam
1768 1109 1894 1154 litigiis

616 1171 763 1202 exercet
772 1169 788 1201 ἲ
806 1167 885 1202 cani
897 1166 1139 1213 comparabis.
1172 1166 1371 1202 Insidiator
1383 1166 1548 1202 occultus
1558 1167 1786 1213 subripuisse
1798 1167 1895 1202 frau-

615 1223 724 1260 dibus
735 1224 895 1270 gaudet?
910 1223 1111 1270 vulpeculis
1124 1229 1365 1270 exaequatur.
1393 1223 1474 1260 Irae
1487 1223 1736 1271 intemperans
1749 1223 1893 1260 fremit?

613 1281 731 1317 leonis
747 1281 910 1316 animum
933 1287 1078 1327 gestare
1099 1282 1279 1317 credatur.
1323 1281 1482 1316 Pauidus
1505 1293 1551 1319 ac
1576 1281 1693 1329 fugax
1714 1292 1789 1316 non
1815 1282 1894 1316 me-

615 1339 751 1374 tuenda
769 1339 971 1375 formidat?
996 1339 1109 1374 cervis
1126 1339 1256 1375 similis
1270 1339 1458 1374 habeatur.
1512 1339 1645 1385 Segnis
1661 1350 1704 1375 ac
1720 1338 1893 1385 stupidus

614 1400 758 1443 torpet?
775 1396 914 1432 asinum
926 1396 1026 1432 vivit.
1053 1395 1163 1432 Levis
1174 1402 1211 1432 et
1223 1396 1434 1432 inconstans
1443 1396 1566 1432 studia
1576 1400 1787 1443 permutat?
1800 1394 1890 1431 nihi]

614 1453 739 1490 avibus
757 1453 888 1490 differt.
940 1454 1076 1490 Foedis
1103 1454 1374 1501 immundisque
1401 1454 1612 1490 libidinibus
1636 1453 1893 1500 immergitur?

614 1511 761 1547 sordide
783 1512 859 1547 suis
882 1512 1073 1557 voluptate
1094 1511 1291 1547 detinetur.
1344 1512 1474 1557 Itaque
1496 1511 1538 1547 fit
1561 1516 1601 1546 ut
1621 1511 1683 1558 qui
1707 1511 1894 1556 probitate

615 1570 761 1605 deserta
778 1569 892 1604 homo
908 1581 988 1605 esse
1006 1570 1163 1613 desierit,
1182 1575 1345 1605 vertatur
1363 1570 1399 1605 in
1416 1570 1578 1605 belluam
1593 1569 1602 1583 ¹

665 1625 716 1663 Et
748 1626 835 1672 quia
867 1626 1023 1662 libenter
1057 1637 1279 1662 excusamus
1308 1633 1432 1663 nostra
1461 1632 1612 1673 peccata
1641 1637 1892 1673 quaecunque.

614 1695 727 1730 parva
750 1684 806 1719 vel
829 1695 972 1729 magna,
999 1683 1114 1719 multa
1139 1684 1196 1718 vel
1221 1695 1347 1730 pauca,
1365 1683 1507 1721 Seneca
1524 1684 1616 1718 libro
1636 1682 1824 1718 secundo¹
1846 1683 1891 1719 de

616 1741 675 1776 Ira
692 1742 846 1787 quaerit„
863 1741 934 1776 Cui
954 1743 1101 1777 tandem
1120 1741 1212 1776 vitis
1225 1741 1240 1762 ²
1256 1742 1456 1778 advocatus
1481 1741 1623 1777 defuit?
1646 1741 1709 1776 sed
1734 1741 1890 1776 aliorum

614 1809 685 1834 non
708 1797 761 1834 sic
788 1809 1008 1835 excusamus
1030 1798 1130 1835 vitia.
1183 1798 1281 1834 Nam
1305 1798 1341 1834 in
1365 1799 1497 1835 eodem
1518 1798 1618 1839 dicit.
1638 1798 1777 1834 Aliena
1799 1798 1892 1834 vitia

614 1855 651 1890 in
669 1856 786 1892 oculis
800 1855 990 1899 habemus,
1006 1868 1029 1893 a
1045 1863 1150 1903 tergo
1172 1863 1296 1892 nostra
1323 1862 1419 1892 sunt.
1471 1855 1522 1891 Et
1541 1856 1628 1903 quia
1654 1866 1737 1891 cum
1761 1860 1892 1892 sancto

610 1918 761 1949 sanctus
790 1914 859 1949 eris
886 1918 926 1948 et
954 1925 1037 1949 cum
1061 1914 1141 1949 viro
1170 1914 1363 1949 innocente
1390 1914 1563 1950 innocens
1587 1914 1669 1956 eris,
1690 1913 1774 1949 ideo
1798 1913 1893 1949 dicit

614 1970 758 2007 Seneca
772 1970 866 2006 libro
879 1971 1119 2007 secundarum
1137 1971 1401 2018 Epistularum,
1414 1970 1543 2006 ‘Nulla
1555 1983 1615 2006 res
1625 1969 1640 1991 ⁸
1652 1970 1785 2006 animis
1795 1970 1892 2006 adeo

614 2028 770 2065 honesta
790 2029 908 2064 induit
930 2029 1135 2075 dubiosque
1152 2035 1191 2065 et
1210 2029 1245 2063 in
1265 2028 1403 2065 malum
1427 2028 1656 2065 Inclinabiles
1673 2034 1819 2063 revocat
1843 2029 1890 2064 ad

616 2091 752 2121 rectum
772 2097 883 2131 quam
902 2086 1083 2122 bonorum
1097 2085 1352 2122 conversatio:
1396 2086 1445 2122 Et
1465 2087 1501 2122 in
1514 2086 1625 2122 tertio
1643 2086 1736 2121 libro
1753 2087 1799 2121 de
1820 2086 1892 2130 Ira,

615 2146 623 2160 ⁸
639 2142 843 2189 Finguntur
857 2142 872 2165 ⁴
890 2155 910 2178 a
932 2143 1234 2180 conversantibus
1259 2154 1387 2187 mores,
1410 2150 1446 2180 et
1471 2150 1511 2179 ut
1536 2145 1716 2191 quaedam
1745 2144 1779 2179 in
1806 2155 1894 2179 con-

613 2207 732 2237 tactos
750 2200 912 2247 corporis
928 2201 1019 2236 vitia
1037 2201 1259 2245 transiliunt,
1279 2201 1330 2237 ita
1347 2201 1492 2237 animus
1511 2201 1607 2237 maia
1625 2212 1692 2236 sua
1708 2201 1892 2247 proximis

614 2259 735 2295 tradit.
788 2259 966 2294 Ebriosus
994 2259 1219 2294 convictores
1248 2259 1284 2294 In
1314 2269 1476 2294 amorem
1512 2259 1604 2298 meri
1638 2259 1764 2294 traxit.
1817 2259 1895 2294 Im-

613 2316 828 2362 pudicorum
848 2322 974 2352 coetus
994 2316 1125 2351 fortem
1145 2321 1183 2351 et
1199 2316 1230 2351 si
1250 2317 1356 2352 liceat
1374 2316 1490 2351 virum
1516 2316 1668 2352 emoliit.
1722 2317 1894 2352 Avaritia

614 2373 648 2408 in
676 2372 868 2420 proximos
892 2373 990 2409 virus
1012 2384 1119 2409 suum
1143 2374 1343 2410 transtulit.
1395 2373 1538 2409 Eadem
1556 2384 1578 2409 e
1595 2384 1772 2410 converso
1795 2375 1894 2410 ratio

610 2430 786 2467 virtutum
806 2436 862 2467 est
881 2437 920 2467 ut
937 2441 1045 2465 omne
1063 2431 1162 2476 quod
1181 2442 1305 2467 secum
1325 2431 1462 2467 habent
1482 2430 1663 2479 mitigent.
1715 2431 1795 2467 Nec
1810 2437 1892 2468 tam

611 2487 811 2524 valetudini
841 2488 1019 2534 corporali
1051 2488 1186 2533 profuit
1219 2489 1317 2524 mitis
1347 2489 1447 2534 regio
1478 2494 1515 2524 et
1538 2489 1721 2524 salubrius
1745 2489 1892 2525 coelum

611 2557 721 2592 quam
748 2544 883 2581 animis
909 2556 1039 2592 parum
1070 2544 1185 2581 firmis
1216 2547 1250 2581 in
1282 2546 1432 2582 meliore
1456 2547 1567 2582 turba
1587 2547 1732 2582 versari.
1784 2546 1894 2593 Quae

613 2614 668 2639 tes
692 2609 835 2649 quanto
859 2599 977 2650 possit
1003 2602 1199 2649 intelliges,
1223 2603 1254 2638 si
1282 2603 1414 2639 videris
1441 2604 1533 2640 feras
1561 2603 1733 2640 convictu
1763 2610 1893 2640 nostro

613 2671 866 2696 mansuescere
884 2660 1048 2706 nuilique
1065 2661 1219 2696 immani
1239 2660 1379 2697 bestiae
1394 2662 1470 2696 vim
1492 2672 1597 2697 suam
1616 2672 1843 2709 permanere,
1858 2663 1894 2698 s'i

428 1614 565 1642 influente
573 1613 605 1642 os

427 1661 475 1678 exn
481 1651 561 1686 inple.

613 2744 644 2763 as
658 2735 825 2771 preserving
838 2735 912 2762 their
926 2735 1054 2770 identity.
1094 2735 1157 2763 The
1170 2744 1291 2771 passage
1305 2736 1329 2763 is
1341 2736 1505 2764 condens-ed
1525 2736 1598 2764 from
1612 2735 1663 2764 the
1678 2736 1787 2764 mend
1799 2735 1894 2765 Pom

613 2779 700 2806 osthe
716 2779 808 2805 fourth
822 2779 898 2805 book
910 2779 943 2805 oi
954 2778 1082 2806 Boetius'
1096 2780 1188 2806 work.
1226 2779 1288 2806 The
1301 2785 1414 2807 extract
1427 2781 1487 2807 that
1501 2780 1616 2807 follem
1627 2780 1652 2806 is
1665 2780 1737 2806 fron
1749 2780 1800 2806 the
1814 2780 1893 2809 third

612 2823 702 2851 Pmsa
716 2822 747 2848 ol
757 2822 807 2848 the
819 2831 899 2848 sume
912 2822 994 2848 book.

650 2868 657 2884 ¹
679 2868 715 2894 D.
729 2868 779 2894 hu
792 2867 903 2902 primm
923 2867 961 2894 Μ.
977 2867 1114 2900 secundo,
1128 2867 1223 2895 which
1241 2868 1263 2895 is
1279 2868 1361 2902 right.

648 2914 658 2928 ⁵
677 2913 720 2940 Do
731 2914 786 2945 Im,
803 2914 830 2941 ii.
847 2921 886 2947 ¹3·
924 2913 959 2950 ,In
975 2913 1014 2942 M.
1028 2914 1085 2941 this
1101 2914 1125 2942 is
1138 2914 1264 2941 referred
1279 2919 1308 2941 to
1321 2915 1370 2942 the
1383 2923 1485 2948 wrong
1498 2915 1641 2948 dialogue.

648 2956 659 2973 ⁸
680 2957 729 2990 Ep.
744 2957 790 2984 lib.
807 2965 852 2984 xv.
868 2965 885 2983 2
900 2960 913 2988 ξ
929 2965 972 2990 qo.
1186 2957 1195 2974 ⁴
1213 2956 1256 2984 De
1269 2957 1325 2993 Im,
1343 2958 1379 2985 iii.
1396 2958 1434 2992 8.,
1461 2958 1574 2986 Seneca
1587 2958 1641 2986 bas
1652 2962 1813 2986 sumuntur.
