2350 3580
589 715 658 760 3oe
826 717 1000 752 OPERIS
1025 717 1234 758 uasoms
1259 718 1387 752 PARS
1413 719 1635 753 SEPTIMA.

590 807 732 852 dieitur,
744 808 790 845 de
806 820 881 856 quo
892 809 1061 856 superius
1078 812 1219 846 tactum
1232 814 1290 846 est
1302 810 1341 846 in
1356 810 1411 846 eis
1427 821 1523 857 quae
1538 811 1586 846 de
1604 810 1714 846 Locis
1732 809 1867 847 Mundi

590 866 690 902 dicta
717 871 813 908 sunt,
839 867 1052 903 convocavit
1079 867 1228 904 fratrem
1259 867 1483 904 Gulielmium
1516 869 1746 915 praedictum
1779 879 1866 905 cum

590 922 819 969 Christianis,
830 930 868 960 et
882 922 1085 961 Saracenos
1097 931 1134 961 et
1150 925 1379 967 Idololatrea,
1389 930 1431 961 ut
1443 926 1672 972 disputarent
1683 927 1733 962 de
1742 927 1865 962 sectis.

590 980 643 1017 Et
668 981 866 1019 Christiani
892 988 930 1019 et
957 982 1130 1020 Saraceni
1157 983 1285 1019 statim
1310 982 1546 1019 convicerunt
1572 982 1804 1027 Idololatras,
1824 989 1864 1020 et

587 1044 728 1077 sectam
746 1051 849 1077 suam
872 1044 1148 1083 evacuaverant.
1165 1040 1259 1075 sieut
1275 1040 1387 1076 stater
1404 1039 1609 1077 Gulielmus
1627 1041 1663 1077 in
1686 1052 1754 1078 suo
1768 1041 1867 1077 libro

587 1097 718 1133 recitat
751 1098 914 1134 Domino
950 1097 1139 1133 Ludovico
1176 1097 1308 1132 illustri.
1341 1098 1416 1144 regi
1453 1098 1687 1140 Francorum,
1712 1099 1760 1134 de
1786 1109 1864 1145 quo

586 1154 752 1201 superius
766 1160 823 1192 est
835 1160 1017 1192 notatum.
1052 1153 1103 1190 Et
1117 1154 1203 1201 quia
1221 1155 1396 1202 spurcitia
1407 1154 1641 1201 Paganorurn
1652 1160 1690 1191 et
1703 1154 1864 1192 Idolola-

586 1219 724 1250 trarum
759 1212 952 1249 manifesta
986 1218 1052 1255 est.
1077 1212 1161 1249 ideo
1194 1223 1268 1248 non
1302 1218 1450 1260 oportet
1483 1213 1565 1259 plus
1594 1213 1780 1250 immorari
1813 1213 1863 1250 ad

586 1281 768 1316 praesens.

406 1332 555 1362 nechim
630 1328 812 1374 'Quamvis
839 1339 928 1364 vero
952 1328 1097 1368 Tartari
1124 1339 1241 1363 unum
1270 1339 1399 1364 verum
1424 1328 1547 1363 Deum
1576 1328 1709 1364 colant.
1736 1334 1861 1364 tamen

403 1369 560 1434 ζὲἔῗῇζῗζ,
586 1385 822 1422 nihilominus
835 1385 1019 1421 declinant
1031 1386 1077 1421 ad
1093 1384 1361 1421 Idololatriam.
1395 1385 1494 1421 Nam
1510 1385 1630 1434 ignem
1643 1390 1863 1421 venerantur

402 1450 528 1506 {ndffl'
586 1444 775 1480 credentes
789 1435 926 1480 'omnia
954 1443 1101 1488 purgari
1130 1447 1168 1479 et
1194 1443 1336 1489 expiari
1365 1454 1431 1487 per
1458 1453 1552 1479 eum.
1604 1442 1714 1479 Unde
1743 1447 1863 1477 stans·

403 1499 498 1543 hinad
510 1519 539 1544 ,ι
586 1500 726 1536 ducunt
743 1501 837 1536 filios
855 1512 940 1536 suos
957 1512 1022 1547 per
1039 1501 1161 1546 ignem
1188 1506 1226 1536 et
1248 1501 1401 1535 nuncios
1416 1505 1454 1535 et
1474 1511 1634 1542 munera.
1685 1499 1863 1535 Similiter

404 1558 475 1578 ''²⁶“-
584 1557 695 1594 Iimen
724 1558 855 1594 domus
885 1557 1090 1600 celebrum
1123 1569 1210 1593 nam
1235 1557 1443 1604 quicunque
1472 1556 1589 1593 calmt
1614 1567 1725 1603 super
1749 1556 1860 1592 limen

584 1616 692 1652 morti
720 1617 986 1652 condemnatur
996 1615 1019 1652 ¹.
1072 1615 1183 1652 Unde
1212 1614 1379 1650 similiter
1404 1614 1530 1650 Azotii
1558 1625 1632 1650 non
1667 1614 1860 1650 calcabant

581 1685 690 1718 super
716 1674 828 1709 limen
852 1673 979 1718 templi
1006 1673 1150 1718 Dagon,
1168 1673 1289 1719 primo
1309 1672 1453 1717 Regum
1472 1673 1612 1718 quinto.
1665 1671 1859 1707 Praeterea

581 1731 650 1777 ipsi
681 1743 755 1767 non
786 1732 922 1767 habent
952 1732 1161 1767 sacerdotes
1191 1731 1262 1766 nisi
1293 1729 1534 1776 philosophos
1563 1729 1626 1776 qui
1654 1730 1765 1765 etiam
1793 1729 1858 1764 de-

581 1788 719 1825 clinant
735 1789 784 1825 ad
801 1794 899 1825 artes
912 1789 1085 1834 magicas,
1099 1794 1137 1825 et
1154 1794 1308 1824 utuntur
1320 1788 1504 1834 responsis
1521 1787 1752 1825 daemonum.
1763 1786 1860 1823 sieut

581 1846 735 1883 docetur
752 1847 786 1883 in
804 1846 901 1883 libro
917 1847 963 1883 de
981 1845 1141 1883 moribus
1159 1857 1298 1888 eorum,
1316 1853 1353 1880 et
1376 1845 1445 1880 hoc
1467 1850 1607 1880 eertum
1625 1850 1694 1880 est.
1745 1844 1860 1880 Unde

581 1904 855 1950 philosophiam
881 1915 954 1949 non
990 1905 1265 1947 transcendunt,
1299 1905 1376 1938 sive
1403 1914 1527 1938 veram
1561 1903 1637 1938 sive
1665 1903 1858 1948 magicam.

579 1959 657 1997 Sed
681 1973 792 2008 supra
819 1960 986 2005 habiturn
1014 1967 1072 1997 est,
1099 1961 1199 2007 quod
1234 1960 1465 2007 philosophia
1494 1966 1550 1996 est
1581 1960 1676 1996 circa
1703 1965 1856 1995 sectam.

581 2018 679 2055 Narn
706 2019 886 2065 perfectus
911 2019 948 2054 in
974 2018 1154 2065 sapientia
1181 2018 1436 2065 philosophiae
1462 2023 1516 2054 est
1543 2024 1709 2065 respectu
1734 2023 1858 2054 sectae

579 2076 795 2111 revelandae
821 2077 914 2111 sicut
942 2087 1034 2121 puer
1061 2076 1230 2111 indoctus
1260 2081 1425 2121 respectu
1452 2076 1614 2111 hominis
1643 2076 1792 2120 perfecti
1817 2075 1856 2110 in

579 2134 759 2179 sapientia
786 2133 1057 2182 philosophiae,
1090 2134 1185 2169 sicut
1221 2134 1385 2179 superius
1416 2139 1472 2169 est
1506 2134 1692 2169 edoctum.
1754 2133 1856 2179 Ergo

580 2190 815 2227 manifestum
849 2197 906 2226 est
938 2191 1037 2237 quod
1070 2190 1310 2227 Tartarorum
1336 2196 1438 2227 secta
1467 2202 1541 2227 non
1574 2198 1629 2227 eet
1656 2190 1717 2226 illa
1743 2200 1854 2236 quarn

578 2249 799 2293 quaerimus,
817 2252 855 2284 et
870 2247 941 2284 hoe
959 2248 1106 2299 ipfirnet
1123 2249 1294 2285 fatentur.
1336 2247 1436 2285 Nam
1454 2247 1638 2294 praefatus
1655 2248 1856 2293 imperator

578 2305 819 2341 Tartarorum
843 2305 1028 2342 confessus
1054 2310 1110 2341 est
1134 2311 1274 2341 sectam
1305 2306 1594 2341 Christianorum
1618 2306 1696 2340 dari
1720 2317 1745 2341 a
1772 2305 1856 2341 Deo

577 2369 616 2400 et
633 2375 712 2399 esse
728 2363 920 2409 optimam.
966 2363 1014 2398 Et
1032 2363 1170 2399 faciunt
1188 2363 1314 2399 instrui
1332 2362 1425 2398 filios
1441 2375 1525 2398 suos
1545 2362 1578 2398 in
1598 2362 1799 2410 Evangelio
1816 2368 1855 2399 et

577 2420 652 2455 vita
686 2426 910 2464 sanctorum,
934 2427 971 2455 et
1006 2421 1183 2467 recipiunt
1214 2432 1347 2467 aquam
1384 2416 1614 2456 benedictam
1644 2427 1681 2455 et
1707 2431 1851 2464 crucem

579 2483 616 2513 et
633 2478 841 2513 sacerdotes
861 2478 1090 2523 Christianos
1105 2478 1254 2524 quando
1274 2478 1509 2521 infirmantur,
1525 2483 1563 2513 et
1578 2479 1627 2519 ad
1652 2489 1716 2514 eos
1732 2476 1854 2513 recur-

577 2541 660 2570 runt
685 2540 861 2581 tanquam
887 2536 933 2571 ad
966 2535 1135 2571 ultimum
1163 2534 1354 2580 refugium,
1383 2535 1476 2571 sicut
1506 2535 1663 2571 habetur
1692 2535 1727 2571 in
1758 2535 1852 2572 libro

576 2592 624 2626 de
640 2592 801 2627 moribus
826 2591 966 2634 eorum„
981 2598 1019 2627 et
1041 2598 1183 2626 eertum
1208 2598 1263 2626 est
1283 2603 1350 2638 per
1365 2593 1641 2638 experientiam.
1691 2593 1789 2629 Nam
1814 2599 1852 2630 et

577 2649 799 2695 Imperatrix
824 2642 919 2684 iltius
950 2650 1181 2695 imperatoris
1206 2651 1352 2685 vocavit
1379 2651 1527 2686 fratrem
1561 2650 1783 2686 Gulielmum
1814 2654 1852 2685 et

574 2707 783 2742 sacerdotes
808 2706 1037 2743 Christianos
1061 2716 1143 2742 cum
1170 2719 1268 2753 aqua
1296 2705 1492 2743 benedicta
1516 2713 1554 2743 et
1580 2719 1696 2750 cruce,
1723 2713 1851 2755 petens

609 2856 619 2873 Ι
637 2856 699 2884 The
715 2857 886 2884 Francisenn.
897 2857 1030 2888 Thomas.
1043 2858 1112 2884 who
1123 2858 1327 2893 neeompanied
1341 2858 1512 2893 Rubruquis.
1520 2858 1641 2893 gotinto
1652 2859 1765 2885 serious
1778 2859 1849 2886 diffl-

573 2901 675 2927 eulties
696 2901 735 2935 by
752 2900 943 2935 accidentally
962 2901 1100 2935 touching
1120 2901 1170 2928 the
1194 2901 1343 2928 threshold
1365 2909 1399 2928 aa
1419 2902 1456 2928 he
1476 2908 1538 2928 was
1561 2901 1674 2935 leaving
1698 2901 1747 2928 the
1767 2902 1849 2936 royal

573 2953 718 2978 presence.
758 2944 829 2978 (See
843 2953 869 2978 p.
886 2953 941 2978 319
952 2944 983 2971 ol
994 2943 1057 2972 Rsa
1070 2945 1236 2979 narrative.)
