2350 3580
440 1729 484 1757 De
498 1729 590 1757 Brevi-

439 1770 495 1794 tate
507 1765 598 1799 Vitae,

439 1810 500 1838 cap.
515 1803 555 1829 18.

442 2416 513 2452 Cap.
529 2422 570 2452 ¹9·

623 718 691 753 332
855 708 1028 744 OPERIS
1051 708 1262 749 HAJORIS
1288 708 1416 742 PARS
1442 707 1664 742 SEPTIMA.

625 810 775 847 quoque
790 810 917 836 eorum
929 799 1074 846 trepida
1091 805 1196 844 sunt;
1213 810 1288 836 non
1301 798 1399 835 enim
1412 798 1537 835 solidis
1553 798 1672 835 causis
1685 797 1898 840 innituntur,

626 857 690 892 sed
701 857 830 893 eadem
841 868 914 903 qua
923 858 1090 893 oriuntur
1098 857 1261 892 vanitate
1270 857 1473 892 turbantur.
1485 881 1494 890 .
1506 882 1514 892 .
1527 880 1536 891 .
1550 856 1720 892 Maxima
1729 866 1899 902 quaeque

626 915 724 950 bona
739 913 895 950 sollicita
910 919 1006 956 sunt,
1017 925 1083 950 nee
1101 913 1165 950 ulli
1181 912 1347 950 fortunae
1364 915 1483 949 minus
1498 915 1593 950 bene
1605 924 1716 960 quam
1734 915 1900 959 optimae

626 971 790 1008 creditur.
839 971 930 1008 Alia
953 969 1129 1008 felicitate
1152 971 1201 1007 ad
1221 971 1396 1008 tuendam
1425 971 1636 1007 felicitatem
1658 982 1754 1017 opus
1778 976 1845 1011 est.
1861 977 1898 1007 ct

625 1040 695 1077 pro
720 1029 810 1075 ipsis
840 1040 934 1076 quae
960 1039 1165 1064 successere
1193 1029 1289 1064 votis
1316 1033 1405 1066 vota
1434 1028 1598 1064 facienda
1628 1033 1725 1064 sunt.
1776 1027 1899 1064 Omne

625 1087 724 1122 enim
737 1086 835 1132 quod
848 1086 999 1122 fortuito
1010 1078 1169 1129 obvenit,
1182 1086 1353 1122 instabile
1365 1092 1432 1122 est.
1474 1086 1561 1132 Quo
1574 1086 1683 1122 altius
1698 1086 1898 1121 surrexerit

625 1143 868 1190 opportunius
886 1149 942 1179 est
959 1142 994 1178 in
1014 1153 1150 1179 casum.
1203 1143 1401 1179 Neminem
1419 1153 1530 1189 porro
1545 1153 1675 1179 casura
1691 1142 1896 1179 delectare¹

625 1201 769 1237 debent.
821 1200 1063 1237 Miseri-imam
1092 1211 1181 1248 ergo
1213 1211 1361 1237 necesse
1387 1206 1452 1244 est,
1478 1212 1552 1237 non
1585 1204 1730 1237 tantum
1760 1200 1898 1235 brevis-

624 1259 766 1302 simam,
790 1259 903 1293 vitam
938 1269 1063 1294 eorum
1097 1268 1176 1293 esse
1209 1258 1273 1304 qui
1308 1268 1443 1305 magno
1476 1263 1607 1304 parant
1638 1258 1765 1293 labore
1797 1259 1898 1303 quod

626 1314 766 1361 majore
786 1315 1010 1361 possideant.
1061 1314 1225 1361 Operose
1250 1315 1498 1362 adsequuntur
1521 1327 1616 1362 quae
1634 1314 1773 1358 volunt,
1798 1315 1898 1350 anxii

625 1377 750 1408 tenent
774 1383 868 1419 quae
890 1374 1053 1409 adsecuti
1073 1378 1167 1408 sunt„
1192 1399 1200 1407 .
1221 1399 1230 1408 .
1254 1399 1263 1408 .
1284 1372 1415 1409 Novae
1439 1373 1696 1420 occupationes
1716 1372 1900 1408 veteribus

626 1431 906 1466 substituuntur.
981 1430 1074 1476 Spes
1115 1441 1221 1476 spem
1261 1431 1412 1472 excitat,
1450 1431 1689 1466 ambitionem
1732 1431 1898 1466 ambitio.

627 1487 857 1523 Miseriarum
892 1499 966 1523 non
997 1487 1077 1524 finis
1105 1488 1300 1534 quaeritur,
1327 1490 1392 1524 sed
1426 1488 1581 1524 materia
1614 1493 1787 1524 mutatur.
1816 1514 1823 1522 .
1854 1515 1863 1524 .
1890 1514 1898 1523 .

627 1545 828 1591 Nunquam
859 1544 1041 1582 deerunt*
1072 1545 1130 1581 vel
1163 1545 1321 1582 infeHces
1348 1545 1408 1582 vel
1439 1546 1593 1582 miserae
1625 1545 1900 1590 sollicitudines„

626 1613 737 1638 omne
768 1614 833 1649 per
866 1603 1123 1649 occupationes
1152 1603 1250 1638 vitae
1283 1604 1432 1638 radetur
1463 1603 1593 1638 otium.
1644 1603 1773 1638 Otium
1808 1614 1898 1638 nun-

625 1671 737 1707 quam
764 1666 901 1706 agetut.
951 1661 1041 1697 Vita
1065 1671 1212 1707 semper
1235 1661 1432 1707 optabitur.

675 1717 868 1763 'Excerpe
897 1718 1021 1764 itaque
1048 1723 1085 1754 te
1112 1717 1235 1765 vulgo,
1263 1718 1457 1762 carissime,
1484 1723 1522 1754 et
1543 1717 1578 1753 in
1606 1717 1897 1764 tranquilliorem

626 1782 786 1823 portum,
817 1785 890 1810 non
932 1786 999 1820 pro
1037 1776 1168 1812 aetatis
1205 1776 1325 1821 spatio
1363 1776 1534 1820 jactatus,
1572 1776 1725 1812 tandem
1758 1776 1898 1813 recede.

629 1833 763 1879 Cogita
779 1837 870 1878 quot
890 1831 1022 1883 fluctus
1037 1834 1203 1874 subieris,
1221 1839 1312 1878 quot
1330 1838 1567 1878 tempestates
1585 1834 1720 1879 partim
1738 1834 1900 1878 privatas

626 1890 850 1931 sustinueris,
872 1891 1005 1936 partim
1022 1890 1190 1936 publicas
1211 1891 1248 1926 in
1274 1897 1312 1926 te
1334 1891 1563 1927 converteris„
1612 1890 1710 1926 Satis
1731 1891 1808 1936 jam
1835 1903 1900 1938 per

628 1948 810 1984 laboriosa
843 1953 879 1983 et
912 1947 1074 1993 inquieta
1108 1949 1328 1984 documenta
1362 1948 1527 1984 exhibita
1567 1948 1634 1984 'tibi
1669 1949 1783 1984 virtus
1820 1955 1898 1985 est:

626 2006 795 2050 experire
814 2005 902 2050 quid
927 2006 963 2040 in
983 2006 1059 2040 otio
1082 2005 1202 2040 saciat.
1256 2006 1377 2051 Major
1394 2017 1478 2051 pars
1494 2006 1634 2048 aetatis,
1652 2012 1749 2041 certe
1774 2006 1902 2041 melior

628 2065 677 2098 rei
697 2062 863 2110 publicae
881 2062 968 2098 data
986 2062 1048 2097 sit:
1074 2062 1214 2107 aliquid
1236 2065 1412 2108 temporis
1430 2065 1482 2098 tui
1501 2075 1604 2098 sume
1621 2065 1731 2099 etiam,
1752 2063 1816 2098 tibi
1836 2090 1843 2098 .
1865 2089 1871 2098 .
1894 2091 1900 2097 .

628 2121 688 2157 Tu
706 2121 855 2167 quidem
872 2119 971 2155 orbis
981 2126 1159 2156 terrarum
1172 2121 1332 2156 rationes
1345 2121 1577 2156 administras
1587 2128 1665 2157 tam
1676 2120 1903 2157 abstinenter

627 2190 739 2226 quam
765 2178 911 2219 alienas,
928 2182 1003 2213 tam
1030 2177 1219 2222 diligenter
1244 2190 1355 2225 quam
1383 2185 1476 2221 tuas,
1494 2185 1567 2214 tam
1594 2179 1764 2226 religiose
1789 2190 1900 2225 quam

628 2236 801 2282 publicas.
855 2235 899 2270 In
914 2235 1034 2270 officio
1052 2247 1215 2271 amorem
1234 2238 1465 2281 consequeris
1487 2237 1522 2271 in
1545 2248 1621 2281 quo
1641 2238 1767 2271 odium
1785 2238 1901 2272 vitare

627 2293 773 2330 difficile
803 2299 869 2328 est.
921 2292 994 2328 Sed
1030 2299 1165 2331 tamen.
1194 2294 1283 2329 mihi
1313 2295 1430 2337 crede,
1461 2295 1574 2330 satius
1607 2300 1662 2330 est
1691 2295 1789 2330 vitae
1814 2307 1903 2330 suae

627 2352 802 2388 rationem
820 2361 932 2397 quarn
950 2351 1119 2385 frumenti
1137 2351 1274 2398 publici
1292 2350 1419 2387 nosse.¹

675 2409 806 2444 ‘Nunc
833 2409 921 2443 dum
952 2408 1048 2443 calet
1077 2410 1225 2454 sanguis
1250 2410 1458 2454 vigentibus
1486 2411 1534 2444 ad
1563 2410 1714 2444 meliora
1740 2411 1900 2447 eundum

629 2472 695 2502 est.
735 2467 921 2513 Expectat
939 2471 977 2500 te
994 2467 1028 2501 in
1048 2464 1118 2502 hoc
1134 2478 1268 2512 genere
1279 2469 1374 2502 vitae
1387 2468 1547 2502 multum
1561 2468 1738 2502 bonarum
1757 2469 1903 2510 artium,

628 2536 731 2560 amor
760 2525 937 2560 virtutum
968 2530 1081 2570 atque
1112 2536 1208 2568 usus,
1234 2525 1474 2571 cupiditatum
1505 2527 1652 2568 oblivio,
1681 2527 1825 2561 vivendi
1859 2538 1901 2562 ac

629 2583 806 2618 moriendi
830 2582 992 2624 scientia,
1017 2581 1118 2616 alta³
1144 2593 1263 2617 rerum
1292 2583 1405 2629 quies.
1456 2582 1634 2619 Omnium
1663 2584 1810 2630 quidem
1840 2597 1903 2621 oc-

628 2646 843 2685 cupatorum
870 2640 1031 2675 conditio
1059 2640 1190 2675 misera
1216 2646 1281 2683 est,
1305 2652 1432 2676 eorum
1458 2646 1583 2677 tamen
1605 2642 1816 2685 miserrima,
1838 2644 1900 2689 qui

666 2761 672 2777 ¹
695 2761 847 2794 delectant,
861 2761 983 2789 Seneca.

666 2805 675 2821 ²
696 2802 817 2832 Hsase's
841 2803 950 2831 edition
973 2804 1054 2832 reads
1079 2804 1160 2833 thus:
1193 2804 1361 2839 'Nunquam
1385 2805 1505 2832 deerunt
1527 2806 1572 2832 vel
1594 2805 1689 2833 felices
1714 2806 1756 2833 vel
1780 2806 1903 2834 miserae

628 2847 826 2875 sollicitudinis
841 2856 963 2881 =eaunc5
986 2856 1037 2882 per
1055 2848 1259 2882 occupationes
1275 2848 1332 2875 vita
1348 2848 1494 2876 trudetur:
1521 2848 1607 2876 otium
1628 2857 1774 2884 nunquam,
1791 2855 1903 2884 agetur,

629 2900 746 2925 semper
759 2891 910 2925 optabitur.
918 2891 925 2903 '

666 2935 675 2952 ⁵
695 2935 820 2967 aliarum,
836 2934 875 2962 D.
888 2940 917 2962 et
929 2935 968 2962 0.
