2350 3580
629 706 677 741 44
876 697 1050 731 OPERIS
1073 697 1284 737 uasoms
1309 696 1437 730 PARS
1463 694 1655 738 QUINTA.

629 786 872 836 corporalium
901 791 939 824 et
964 786 1205 824 materialium
1230 787 1420 822 habebunt
1443 797 1589 834 semper
1612 797 1694 822 esse
1717 785 1918 822 materiale

629 850 668 881 et
688 845 887 891 corporale,
906 845 1001 881 unde
1018 845 1154 881 insania
1172 850 1231 881 est
1245 844 1468 880 contrarium
1485 844 1628 880 sentire.

679 902 775 940 Cum
808 915 896 949 ergo
928 901 1151 940 Aristoteles
1186 907 1223 938 et
1255 901 1440 938 Aves-roes
1472 901 1608 945 dicunt,
1632 901 1735 948 quod
1766 901 1916 949 speeies

629 960 1061 1007 habete-senpirituale
1088 960 1126 996 in
1157 959 1915 1007 medioetinsensmpntetqnodnon

629 1019 787 1054 sumitur
807 1018 993 1064 spirituale
1017 1029 1041 1053 a
1064 1017 1206 1064 spiritu,
1221 1028 1290 1053 nec
1314 1017 1469 1064 proprie.
1518 1017 1622 1064 Ergo
1645 1017 1850 1063 aequivoce
1872 1021 1915 1052 et

629 1077 838 1122 improprie,
860 1081 899 1112 et
922 1074 993 1112 hoc
1021 1080 1078 1111 est
1102 1086 1242 1111 verum.
1291 1074 1390 1110 Nam
1416 1086 1484 1121 pm
1510 1072 1707 1110 insensibili
1732 1073 1914 1111 sumitur:

629 1133 717 1180 quia
737 1133 835 1170 enim
850 1124 962 1170 omne
977 1143 1062 1169 vere
1077 1132 1274 1180 spirituale,
1291 1138 1333 1168 ut
1350 1132 1462 1174 Deus,
1476 1131 1629 1179 angelus
1646 1138 1685 1169 et
1701 1132 1839 1178 aniana,
1852 1137 1914 1168 est

630 1191 851 1233 insensibile,
863 1197 902 1226 et
914 1202 988 1226 non
1005 1190 1103 1226 cadit
1119 1190 1191 1226 sub
1203 1201 1363 1234 sensum,
1376 1190 1459 1225 ideo
1475 1190 1724 1226 convertimus
1733 1189 1914 1226 termino·

630 1253 670 1284 et
690 1248 912 1284 insensibilia
928 1259 1103 1284 vocamus
1119 1248 1334 1294 spiritualia.
1383 1247 1458 1284 Sed
1476 1247 1547 1283 hoc
1567 1252 1627 1283 est
1643 1247 1856 1293 aequivoce.
1870 1251 1913 1283 et

630 1311 740 1343 extra
755 1316 882 1343 verum
899 1311 938 1342 et
953 1305 1142 1352 proprium
1161 1316 1308 1341 sensnm
1327 1304 1379 1341 rei
1394 1304 1605 1352 spiritualis.
1638 1303 1751 1341 Unde
1765 1303 1912 1352 species

630 1375 751 1400 rerum
777 1374 850 1400 non
875 1364 1010 1400 cadunt
1034 1363 1105 1400 sub
1130 1373 1239 1399 sensu
1263 1363 1346 1399 sorti
1371 1368 1410 1398 et
1434 1362 1674 1408 distinguenti
1696 1368 1734 1399 et
1758 1372 1827 1410 per
1846 1373 1912 1400 se:

633 1432 717 1457 cum
739 1422 837 1456 enim
855 1421 939 1456 nihil
957 1421 1001 1456 sit
1019 1420 1188 1456 sensibile
1203 1431 1269 1465 per
1283 1431 1324 1455 se
1343 1421 1414 1456 nisi
1435 1421 1603 1463 densum,
1618 1420 1706 1466 qnia
1726 1420 1766 1456 id
1786 1418 1911 1456 nolum

630 1484 758 1526 potest
781 1479 899 1514 visum
927 1479 1130 1521 terminare,
1152 1478 1219 1513 lux
1242 1477 1301 1513 vel
1327 1478 1466 1524 species
1490 1478 1623 1514 eoloris
1650 1478 1688 1513 in
1713 1488 1799 1514 aete
1826 1487 1912 1524 pes·

634 1537 761 1583 spicue
786 1546 860 1572 non
885 1542 940 1571 est
959 1535 1112 1572 visibilis
1133 1546 1201 1582 per
1219 1546 1270 1577 se,
1290 1535 1352 1571 sed
1380 1546 1444 1582 per
1463 1534 1638 1578 accidens,
1658 1535 1747 1582 quia
1769 1534 1913 1572 scilieet

634 1594 786 1641 aliquod
802 1594 954 1630 densum
974 1598 1031 1629 est
1052 1593 1149 1629 ultra
1170 1604 1306 1636 aerem,
1323 1594 1370 1628 ad
1387 1593 1489 1638 quod
1505 1593 1606 1629 visus
1627 1593 1857 1637 terminatur,
1872 1597 1915 1628 et

634 1652 686 1688 sic
702 1652 856 1698 percipit
871 1651 1101 1697 perspicuum
1121 1661 1201 1686 esse
1216 1651 1254 1686 in
1270 1651 1391 1686 medio
1410 1652 1458 1686 ad
1474 1651 1574 1696 quod
1598 1661 1674 1686 non
1694 1650 1916 1686 terminatur

633 1710 741 1752 visus,
758 1714 797 1744 et
812 1721 878 1755 per
892 1718 1119 1754 consequens
1134 1707 1280 1744 claritas
1301 1707 1392 1743 lucis
1407 1707 1443 1744 in
1461 1718 1506 1744 eo
1523 1714 1687 1755 apparet.
1737 1707 1790 1744 Et
1811 1707 1915 1744 simi-

634 1767 716 1803 liter
747 1777 831 1802 cum
863 1766 962 1802 cadit
990 1776 1054 1813 per
1085 1765 1283 1801 fenestram
1315 1766 1447 1808 radius,
1474 1766 1618 1801 videtur
1640 1776 1712 1813 per
1739 1765 1914 1803 accidens

634 1829 783 1872 propter
805 1824 959 1870 figuram
983 1824 1263 1859 determinatam
1289 1824 1467 1859 fenestrae
1491 1835 1514 1859 a
1536 1835 1611 1869 qua
1635 1823 1815 1869 figurarun-
1833 1823 1915 1867 lux,

634 1887 672 1918 et
697 1887 848 1928 propter
867 1880 948 1918 loca
967 1893 1083 1927 opaca
1107 1880 1279 1927 undique,
1295 1887 1336 1917 ut
1357 1880 1411 1916 sic
1434 1883 1646 1928 oppositum
1668 1880 1781 1926 juxta
1800 1892 1913 1917 suum

634 1939 856 1977 contrarium
872 1939 1031 1985 positum
1048 1938 1190 1975 facilius
1205 1945 1392 1985 apparat.
1432 1938 1607 1975 Similiter
1623 1938 1772 1985 quando
1789 1937 1916 1974 radius

635 1997 763 2034 solaris
786 1997 917 2032 transit
942 2007 1007 2044 per
1022 1997 1156 2033 vitrum
1175 1997 1234 2032 vel
1260 2007 1326 2043 per
1346 2007 1512 2044 pannum
1538 1996 1676 2031 fortiter
1698 1996 1916 2039 coloratum,

636 2060 790 2101 apparet
821 2054 958 2100 speeies
990 2055 1121 2090 coloris
1154 2055 1191 2089 in
1223 2065 1352 2100 opaco.
1410 2054 1486 2090 Sed
1523 2054 1595 2089 hoc
1627 2058 1684 2089 est
1716 2053 1915 2100 duplic-ite·

636 2122 702 2158 per
727 2112 907 2152 accidens,
930 2117 1011 2147 tum
1039 2118 1191 2158 propter
1216 2112 1364 2148 nimiam
1393 2110 1596 2154 claritatem
1623 2110 1714 2148 lucis
1740 2117 1914 2157 respectu

636 2168 777 2212 coloris,
808 2175 889 2205 tum
922 2175 1088 2215 respectu
1125 2169 1245 2216 opaci,
1276 2170 1378 2216 quod
1416 2170 1488 2205 luci
1525 2170 1733 2216 opponitur.
1783 2168 1838 2206 Et
1874 2169 1916 2205 in

636 2227 851 2273 corporibus
872 2227 1060 2262 stellarum
1074 2228 1222 2264 videtur
1236 2228 1376 2274 specie·
1399 2227 1490 2263 lucis
1512 2227 1649 2269 solaris,
1665 2227 1733 2262 sed
1754 2237 1830 2262 non
1847 2237 1917 2271 per

636 2295 729 2327 eam,
755 2285 820 2319 sed
850 2290 1000 2331 propter
1026 2286 1244 2321 densitatem
1272 2287 1434 2331 corporis
1463 2285 1603 2328 stellae,
1625 2295 1721 2330 quae
1748 2284 1916 2320 densitas

637 2342 812 2378 terminat
830 2343 970 2383 visui-113
994 2349 1032 2378 et
1054 2343 1210 2379 densum
1230 2343 1342 2378 etiam
1362 2348 1419 2379 est
1439 2354 1547 2378 causa
1567 2341 1855 2383 illuminationis.
1869 2349 1917 2379 nt

636 2401 802 2446 superius
819 2406 875 2436 cst
890 2406 1120 2436 annotatum.
1170 2400 1243 2436 His
1261 2412 1351 2447 ergo
1371 2401 1514 2436 casibus
1527 2400 1673 2436 videtur
1687 2400 1833 2447 species
1847 2411 1919 2447 per

637 2459 816 2501 accidens,
848 2463 885 2494 et
924 2458 1091 2493 similiter
1128 2458 1326 2504 aliquando
1367 2463 1516 2505 propter
1551 2457 1780 2493 debilitatem
1813 2458 1918 2494 vism

637 2516 787 2551 nimiam
807 2521 843 2551 et
861 2521 1010 2562 propter
1026 2515 1285 2562 negligentiam
1301 2515 1463 2557 videndi,
1481 2516 1574 2552 sicut
1591 2515 1628 2551 in
1645 2516 1754 2552 certis
1769 2515 1918 2552 casilms

636 2580 846 2619 exponetur
862 2573 1017 2609 inferius.
1059 2573 1111 2610 Et
1127 2574 1212 2620 quia
1232 2573 1352 2609 solum
1369 2584 1434 2620 per
1451 2574 1629 2614 accidens,
1645 2578 1685 2609 ut
1703 2584 1753 2609 ex
1769 2573 1919 2610 defectu

636 2631 736 2666 visus
759 2637 796 2666 et
822 2631 1045 2677 negligentia
1067 2632 1228 2673 vidend1‚
1250 2638 1404 2678 possunt
1427 2631 1627 2677 aliquando
1649 2631 1755 2677 quasi
1779 2642 1802 2666 a
1826 2642 1918 2667 casu

636 2689 777 2735 species
804 2689 999 2724 visibilium
1032 2690 1169 2735 percipi
1203 2689 1487 2734 quodammode,
1518 2690 1603 2724 ideo
1636 2700 1710 2724 non
1743 2689 1920 2725 dicuntur

636 2746 797 2782 visibiles
812 2757 879 2782 nec
896 2745 1082 2782 sensibiles
1097 2746 1323 2792 simpliciter.
1339 2751 1378 2782 et
1398 2746 1547 2782 nomine
1567 2746 1751 2782 absoluto.
1800 2744 1919 2783 Simi-

638 2804 721 2839 liter
739 2804 775 2839 in
795 2803 1034 2848 tangibilibus
1053 2809 1090 2839 et
1112 2803 1363 2840 odorabilibus
1385 2810 1423 2840 et
1443 2804 1523 2840 aliis
1545 2805 1735 2851 speciebus
1758 2805 1921 2841 sensibi-

638 2861 737 2904 lium,
755 2872 822 2895 nec
838 2873 904 2907 per
919 2873 959 2896 sc
974 2873 1041 2897 nec
1062 2873 1127 2907 per
1142 2862 1312 2897 accidens
1330 2862 1463 2896 accidit
1478 2873 1608 2897 sensus
1624 2862 1672 2896 de
1688 2862 1752 2904 eis,
1769 2867 1809 2897 ct
1830 2862 1921 2898 ideo

638 2920 778 2965 species
802 2923 889 2955 sunt
912 2919 1150 2955 insensibiles.
1200 2919 1251 2955 Et
1276 2919 1362 2965 quia
1384 2919 1611 2955 insensibiles
1627 2925 1724 2963 sunt,
1738 2926 1923 2956 voantur
