2350 3580
599 690 667 737 398
836 693 1009 726 OPERIS
1033 692 1243 733 AMORIS
1270 692 1396 726 PARS
1422 692 1644 726 SEPTIMA.

600 783 773 819 Daemon
806 783 855 820 ad
888 795 1034 819 murum
1072 784 1259 830 quendam
1284 795 1401 830 prope
1425 788 1463 819 et
1487 784 1658 829 deposita
1690 793 1827 819 corona
1855 795 1878 819 a

601 840 723 886 capite
738 851 806 877 auo
822 841 988 877 adoravit
1006 847 1043 877 et
1061 851 1157 888 genu
1176 840 1292 878 flexit.
1343 840 1430 887 Quo
1450 840 1548 878 facto
1571 851 1736 877 reversus
1756 845 1814 878 ent
1829 840 1878 876 ad

600 909 675 939 eos»,
694 897 826 934 iterum
841 909 1018 944 quaerens
1030 899 1119 945 quid
1133 898 1283 935 vellent.
1335 898 1483 935 Etcum
1501 898 1701 935 Dominam
1712 897 1879 935 homines

602 956 759 1001 perversi
777 955 1038 999 sollicitabant,
1054 956 1209 1003 ipsaque
1228 967 1316 1002 prae
1334 956 1466 991 timore
1490 967 1561 991 nou
1585 961 1641 992 eet
1662 967 1752 992 ausa
1767 955 1878 1001 loqui,

601 1013 710 1049 rediit
728 1012 908 1050 Diabolus
926 1014 972 1050 ad
991 1013 1112 1050 locum
1132 1014 1291 1060 priorem
1310 1013 1372 1050 ubi
1392 1013 1621 1057 adoraverat,
1636 1018 1675 1049 et
1691 1012 1878 1049 inclinavit

601 1074 712 1118 caput
746 1081 866 1114 suum,
899 1071 964 1107 sed
997 1082 1072 1107 non
1104 1071 1276 1117 deposuit
1308 1081 1483 1107 coronam
1525 1082 1592 1107 nec
1632 1081 1729 1117 genu
1763 1069 1878 1106 flexit.

601 1127 748 1164 Deinde
772 1128 880 1163 rediit
902 1129 950 1164 ad
973 1140 1048 1172 eoa,
1070 1133 1109 1164 et
1132 1128 1392 1174 quaesiverunt
1416 1128 1465 1164 ab
1487 1139 1533 1163 eo
1556 1139 1670 1174 quare
1689 1128 1743 1163 sic
1758 1128 1878 1174 primo

600 1184 688 1221 fecit
708 1190 747 1221 et
771 1186 823 1221 sic
846 1186 1017 1221 secundo.
1069 1185 1154 1232 Ipse
1181 1197 1268 1222 vero
1292 1185 1387 1221 dixit
1414 1184 1516 1231 quod
1536 1185 1687 1231 quidam
1715 1183 1878 1220 infirmus

599 1241 711 1288 jacuit
737 1241 832 1277 ultra
866 1253 1009 1279 murum
1036 1243 1073 1279 in
1099 1243 1213 1279 domo
1245 1243 1416 1290 quadam,
1441 1248 1479 1279 et
1512 1243 1685 1279 sacerdos
1716 1242 1878 1288 portavit

602 1311 732 1346 corpus
767 1299 901 1351 Christi
934 1300 981 1335 ad
1017 1311 1125 1335 eumt
1161 1306 1200 1335 et
1232 1301 1419 1346 ‘oportuit
1452 1296 1530 1343 me:
1561 1300 1662 1336 dixit
1694 1300 1877 1341 Daemon.

601 1360 610 1376 ‘
623 1368 797 1393 coronam
815 1358 861 1392 de
878 1358 1001 1404 capite
1019 1369 1103 1393 meo
1119 1359 1306 1404 deponere
1322 1363 1360 1392 et
1376 1359 1530 1393 adorare
1546 1362 1585 1392 et
1607 1368 1703 1403 genu
1723 1355 1878 1400 flectere,

601 1414 688 1460 quia
716 1414 892 1460 seriptum
917 1421 983 1456 est,
1009 1414 1051 1450 In
1079 1415 1228 1451 nomine
1248 1414 1335 1460 Jeau
1360 1425 1470 1450 omne
1492 1426 1589 1462 genu
1612 1414 1769 1450 flectitur
1792 1425 1876 1450 coe-

604 1472 759 1511 lestium.
786 1473 1019 1515 terrestrium,
1039 1476 1074 1507 et
1094 1471 1325 1508 infernorum.
1377 1472 1427 1507 Et
1447 1473 1596 1519 quando
1616 1472 1776 1507 secunda
1797 1472 1877 1507 vice

603 1530 704 1571 redii.
735 1531 886 1566 dederat
916 1531 1088 1565 aacerdos
1117 1541 1252 1576 corpus
1285 1530 1421 1566 Christi
1456 1530 1614 1574 infirmo,
1637 1535 1674 1565 et
1704 1529 1877 1576 portabat

603 1598 668 1623 vas
692 1597 859 1630 vacuum,
886 1592 922 1623 et
948 1587 1032 1623 ideo
1057 1598 1130 1623 non
1157 1588 1310 1633 deposui
1341 1598 1514 1623 coronam
1548 1597 1614 1623 nec
1647 1597 1743 1634 genu
1777 1585 1878 1631 flexi,

602 1645 668 1681 aed
701 1649 846 1681 tantum
872 1650 1023 1692 propter
1057 1645 1299 1681 reverentiam
1324 1645 1511 1690 portitoris
1543 1651 1582 1681 et
1609 1644 1707 1681 vasis
1740 1643 1876 1681 Christi

603 1713 672 1748 ego
698 1702 870 1737 inclinavi
892 1707 1006 1749 caput
1030 1707 1065 1737 et
1092 1701 1263 1737 adoravi!
1316 1702 1422 1737 Tunc
1444 1702 1649 1748 Episcopus
1672 1701 1878 1738 haereticus

605 1758 721 1795 sactus
747 1765 801 1794 eat
826 1770 932 1795 verus
959 1758 1199 1800 Christianus.
1225 1765 1263 1795 et
1287 1761 1414 1795 statim
1441 1760 1577 1805 incepit
1603 1758 1712 1795 fidem
1738 1758 1876 1795 Christi

599 1817 826 1869 praedicare,
850 1823 886 1853 et
914 1816 1138 1853 haereticam
1161 1817 1386 1853 confundere
1416 1817 1645 1863 pravitatem.
1696 1815 1732 1852 0
1763 1827 1874 1863 quam

601 1867 688 1910 v‘era
716 1874 886 1920 probatio
917 1879 953 1909 et
983 1885 1094 1920 quam
1124 1874 1259 1910 nobilia
1287 1879 1343 1910 est
1372 1875 1452 1915 ista,
1476 1874 1581 1920 cujus
1610 1874 1689 1910 laus
1718 1875 1878 1909 enarrari

602 1943 675 1968 non
712 1936 855 1978 potest!
908 1931 959 1967 Et
999 1932 1127 1968 vivunt
1161 1931 1268 1967 multi
1305 1932 1367 1978 qui
1410 1932 1506 1968 istud
1545 1931 1685 1967 factum
1718 1937 1876 1967 noscunt

601 1989 914 2026 certitudinaliter.

650 2047 797 2082 Accidit
815 2047 926 2082 etiam
946 2047 981 2081 in
999 2047 1125 2082 ordine
1143 2047 1314 2082 Fratrum
1334 2047 1517 2081 Minorum
1536 2046 1636 2092 quod
1656 2057 1747 2082 unua
1765 2045 1876 2081 frater

601 2115 666 2150 per
679 2104 812 2139 multos
826 2115 943 2146 annos
957 2105 1028 2139 hoc
1045 2104 1325 2140 Sacramentum
1341 2105 1609 2140 communicare
1629 2115 1703 2140 non
1720 2109 1874 2151 poterat,

600 2174 670 2198 nec
695 2162 855 2198 stetisset
888 2174 1010 2198 coram
1034 2162 1141 2198 altari
1174 2174 1259 2198 cuni
1288 2162 1456 2198 fratribus
1490 2162 1641 2208 quando
1674 2162 1876 2198 communi-

600 2219 746 2259 cabant.
763 2220 791 2255 si
810 2220 891 2266 quis
908 2219 939 2254 ei
957 2226 1079 2256 totum
1097 2220 1274 2255 mundum
1292 2220 1476 2262 dedissem
1501 2220 1565 2266 qui
1583 2226 1706 2255 tamen
1725 2219 1876 2255 nescivit

601 2278 688 2323 quid
707 2282 803 2312 esset
821 2277 857 2311 in
876 2288 996 2312 causa.
1049 2277 1099 2313 Et
1114 2278 1210 2313 sicut
1228 2277 1311 2313 Deo
1329 2274 1476 2323 placuit,
1494 2289 1587 2312 unus
1605 2277 1716 2312 frater
1732 2277 1876 2323 sapiens

601 2341 639 2370 et
657 2340 806 2370 sanctus
821 2334 919 2370 dixit
939 2335 972 2370 ei
989 2336 1090 2381 quod
1105 2335 1164 2370 vei
1185 2335 1253 2370 fuit
1270 2336 1305 2370 in
1322 2340 1474 2380 peccato
1494 2334 1636 2370 mortali
1656 2333 1803 2378 crudeli,
1819 2334 1876 2370 vei

601 2403 675 2428 non
701 2392 770 2428 fuit
795 2392 1014 2438 baptizatus.
1067 2392 1151 2438 Ipse
1176 2403 1274 2432 vero,
1299 2392 1494 2438 diiigenter
1518 2391 1752 2428 considemus
1776 2393 1874 2438 quod

601 2460 675 2484 non
716 2449 844 2484 habuit
877 2450 1135 2485 conscientiam
1172 2451 1222 2484 de
1262 2454 1425 2494 peccato,
1459 2449 1595 2494 incepit
1627 2449 1796 2484 dubitare
1829 2450 1875 2484 de

599 2507 799 2552 baptismo.
852 2507 900 2541 Et
930 2507 1112 2552 inquirens
1134 2518 1157 2542 a
1183 2506 1397 2552 parentibus
1423 2507 1470 2541 de
1505 2507 1616 2541 modo
1652 2504 1871 2552 baptizandi,

600 2564 737 2599 invenit
752 2564 855 2610 quod
871 2565 950 2610 ipse
966 2571 1004 2600 et
1026 2564 1119 2599 alius
1141 2575 1232 2611 puer
1257 2563 1402 2599 fuerunt
1427 2563 1612 2599 sacerdoti
1632 2563 1743 2599 simul
1771 2575 1873 2611 prae-

598 2622 744 2661 scutati,
768 2622 829 2666 qui
863 2622 1019 2657 alterum
1052 2621 1255 2666 baptizavit
1290 2626 1325 2656 et
1361 2621 1471 2656 istum
1505 2632 1570 2666 per
1603 2621 1872 2666 simplicitatem

598 2678 775 2724 neglexit.
828 2678 912 2723 Quo
930 2683 1121 2724 comperto
1139 2678 1222 2713 fecit
1239 2689 1279 2713 se
1291 2678 1325 2713 in
1345 2678 1473 2713 ordine
1485 2678 1674 2722 baptizari,
1687 2683 1725 2714 et
1744 2684 1873 2724 postea

599 2736 738 2781 recepit
755 2735 1034 2771 Sacramentum
1054 2735 1194 2771 Altaria
1212 2735 1303 2771 sicut
1323 2735 1416 2771 aliua
1434 2735 1556 2771 homo.
1598 2735 1658 2770 Ex
1676 2746 1752 2781 quo
1770 2742 1871 2781 patet

599 2793 699 2838 quod
717 2794 851 2829 veritas
868 2792 978 2837 hujus
1001 2792 1232 2830 Sacramenti
1250 2804 1314 2839 per
1339 2792 1570 2838 Baptismum
1589 2793 1744 2838 probata
1763 2799 1817 2829 est
1836 2800 1871 2829 et

599 2861 684 2885 vera
701 2855 766 2892 est.
783 2856 820 2885 et
838 2851 972 2885 veritas
990 2850 1165 2896 Baptismi
1192 2861 1256 2895 per
1279 2851 1350 2886 hoc
1370 2848 1658 2885 Sacramentum.
1711 2849 1763 2885 Et
1780 2851 1871 2892 ideo,

599 2918 684 2944 cum
719 2906 881 2943 Ecclesia
907 2913 1008 2943 tenet
1041 2907 1141 2954 quod
1176 2906 1390 2954 Baptismus
1422 2907 1541 2953 primo
1574 2906 1685 2942 habet
1720 2906 1796 2943 fieri
1832 2914 1870 2943 ut
