2350 3580
370 339 1501 557 -

651 723 1012 756 PERSPECTWAE
1038 723 1165 756 PARS
1193 723 1345 756 PRIMA
1359 735 1373 756 .·
1411 723 1533 757 Dlsr.
1562 723 1603 756 Χ.
1715 722 1758 756 83

485 821 775 869 particularibus,
798 827 837 858 et
861 821 1090 869 particularia
1113 821 1163 858 ab
1181 821 1334 858 invicem
1359 832 1425 868 per
1447 823 1760 870 comparationem

484 880 538 916 rei
555 880 656 916 visae
670 881 719 916 ad
737 881 892 916 eandem
918 880 1018 926 prius
1040 880 1168 922 visam,
1193 879 1387 916 recolendo
1411 881 1512 926 quod
1537 881 1636 926 prius
1653 879 1761 917 suerit

485 938 565 973 visa
592 943 630 973 et
663 942 752 973 nota
781 938 930 981 videnti,
963 937 1050 975 facit
1082 937 1142 972 hic
1172 937 1379 974 secundum
1412 939 1563 973 modum
1596 948 1764 985 compre-

485 995 670 1030 heudendi
695 1007 762 1041 per
785 996 914 1031 visum.

536 1051 706 1100 Cognitio
731 1064 819 1089 vero
839 1052 946 1089 tertia
969 1052 1090 1089 adhuc
1112 1058 1181 1094 est.
1200 1063 1294 1099 quac
1322 1062 1396 1088 non
1425 1058 1547 1099 potest
1572 1050 1650 1089 fieri
1678 1051 1762 1089 solo
1777 1062 1820 1098 (³)
1844 1061 1927 1090 rnna-

486 1121 606 1152 sensu,
632 1116 671 1146 et
698 1121 775 1145 non
800 1114 859 1145 est
891 1122 957 1157 per
989 1110 1303 1157 comparationem
1333 1110 1382 1145 ad
1418 1111 1518 1157 prius
1541 1107 1669 1153 visum,
1695 1110 1760 1146 sed
1776 1097 1954 1171 mg&

486 1168 656 1204 absolute
681 1168 886 1203 considerat
914 1173 1144 1215 praesentem
1175 1178 1252 1203 rem
1271 1180 1281 1212 ;
1305 1168 1355 1203 ad
1385 1168 1487 1214 cujus
1515 1169 1814 1214 cognitionem-n
1828 1170 1937 1199 inune-

488 1224 593 1271 piura
608 1225 848 1271 requiruntur,
865 1231 903 1261 et
920 1230 978 1262 at
993 1225 1098 1271 quasi
1114 1226 1303 1271 quoddam
1314 1237 1432 1272 genus
1443 1226 1629 1272 arguendi.
1663 1222 1765 1262 Sicut
1777 1208 1950 1280 &pm

487 1293 570 1317 cum
590 1282 721 1328 aliquis
739 1289 841 1319 tenet
858 1283 895 1319 in
913 1294 1022 1319 manu
1039 1283 1201 1330 lapidem
1220 1283 1461 1330 perspicuum,
1474 1289 1512 1319 et
1525 1294 1600 1319 non
1613 1283 1766 1330 percipit

487 1341 566 1386 ejus
593 1341 901 1388 perspicuitatem,
930 1342 994 1377 sed
1018 1342 1048 1376 si
1073 1346 1241 1388 exponat
1263 1350 1347 1376 eum
1372 1341 1456 1383 aeri,
1476 1345 1516 1376 et
1541 1342 1590 1376 sit
1614 1340 1765 1387 aliquod

488 1399 641 1434 densum
661 1403 759 1434 retro
778 1398 866 1433 illud
885 1399 923 1434 in
940 1397 1064 1434 debita
1081 1399 1256 1434 distantia
1273 1403 1312 1434 et
1328 1399 1394 1434 lux
1419 1396 1609 1441 sufficiens,
1625 1396 1766 1434 videbit

486 1455 605 1491 iucem
629 1461 668 1492 et
697 1456 849 1492 densum
883 1455 979 1492 ultra
1005 1455 1190 1503 lapidem
1218 1462 1256 1492 et
1287 1462 1374 1492 tunc
1405 1467 1491 1493 cum
1524 1467 1600 1492 non
1634 1461 1758 1503 potest

489 1513 675 1548 mediante
692 1513 815 1558 lapide
832 1525 908 1550 rem
932 1513 1059 1550 videre
1081 1523 1176 1560 quae
1194 1519 1251 1550 est
1269 1520 1366 1550 retro
1384 1510 1450 1550 nisi
1476 1514 1525 1550 sit
1550 1512 1767 1559 diaphanus,

488 1572 608 1616 arguit
641 1572 739 1616 quod
775 1572 823 1607 sit
857 1576 1088 1618 transparens
1121 1577 1160 1607 et
1194 1572 1416 1618 perspicuus.
1478 1571 1555 1607 Sed
1589 1572 1626 1607 in
1661 1572 1767 1608 rebus

487 1629 668 1664 consuetis
686 1640 752 1664 nos
769 1630 906 1664 utimur
922 1630 990 1664 hac
1006 1629 1219 1675 cognitione
1234 1630 1365 1671 subito,
1379 1634 1416 1665 et
1430 1641 1505 1665 non
1518 1630 1738 1676 percipimus
1752 1629 1766 1652 ¹

489 1697 558 1722 nos
580 1696 746 1732 arguere,
775 1697 857 1722 cum
884 1692 1009 1722 tamen
1034 1696 1241 1733 arguamus.
1293 1685 1421 1723 Homo
1447 1687 1545 1722 enim
1570 1684 1689 1733 arguit
1718 1692 1767 1723 ex

490 1749 619 1778 natura
635 1743 712 1778 sine
731 1744 947 1781 difficuttate
963 1749 1001 1780 et
1019 1744 1144 1781 labore
1159 1756 1168 1788 ς
1193 1749 1235 1780 ut
1252 1755 1336 1778 cum
1351 1754 1466 1789 puero
1483 1744 1685 1781 offeruntur
1694 1745 1768 1780 duo

490 1812 610 1847 poma,
644 1812 798 1847 quorum
832 1813 944 1837 unum
980 1807 1037 1837 est
1072 1802 1148 1837 aiio
1185 1800 1379 1847 pulchrius,
1407 1812 1496 1847 puer
1524 1799 1636 1847 elegit
1667 1802 1767 1847 quod

490 1858 677 1904 pulchrius
699 1865 766 1903 est,
790 1859 857 1895 sed
882 1870 954 1894 non
984 1857 1050 1895 nisi
1081 1858 1168 1905 quia
1190 1859 1319 1895 melius
1345 1859 1416 1894 sibi
1443 1857 1597 1903 videtur,
1623 1864 1662 1894 et
1685 1858 1769 1895 ideo

491 1916 607 1964 magis
644 1916 861 1964 eligendum.
925 1917 1035 1953 Unde
1068 1915 1153 1952 facit
1187 1917 1259 1952 hoc
1283 1923 1550 1964 argumentum,
1575 1917 1674 1963 quod
1714 1923 1769 1952 est

493 1974 675 2019 pulchrius
688 1975 724 2010 in
744 1980 921 2020 quantum
937 1974 1145 2020 hujusmodi
1171 1979 1228 2010 est
1244 1972 1381 2018 melius,
1399 1978 1435 2010 et
1452 1974 1551 2020 quod
1570 1979 1626 2010 est
1643 1971 1769 2010 melius

489 2038 546 2066 est
570 2032 685 2078 magis
701 2032 919 2079 eligendum,
937 2043 1026 2079 ergo
1043 2030 1230 2079 pulchrius
1256 2037 1312 2067 est
1336 2029 1453 2078 magis
1476 2031 1707 2078 eligendum;
1732 2037 1772 2068 et,

490 2096 616 2125 tamen
636 2100 708 2125 non
728 2090 880 2136 percipit
899 2090 997 2135 quod
1019 2090 1150 2136 arguit,
1168 2095 1319 2136 propter
1341 2087 1576 2125 velocitatem
1594 2085 1769 2136 arguendi

493 2147 655 2182 innatam
672 2147 821 2190 homini,
838 2147 930 2182 sicut
948 2147 1057 2182 docet
1074 2146 1256 2182 Alhazen.

542 2203 593 2239 Et
622 2204 700 2249 jam
734 2205 770 2240 in
805 2202 1072 2240 mathematicis
1108 2210 1146 2240 et
1181 2201 1393 2250 logicalibus
1427 2201 1638 2239 confirmavi
1676 2202 1769 2240 hanc

492 2261 710 2297 sententiam
729 2261 908 2302 Aihazen.
926 2268 963 2297 et
981 2261 1133 2308 probavi
1150 2262 1252 2308 quod
1269 2261 1458 2297 scientiam
1474 2261 1661 2308 arguendi,
1677 2273 1773 2308 quae

493 2324 548 2354 est
566 2318 697 2364 logum,
712 2319 846 2356 scimus
870 2331 895 2354 a
918 2323 1050 2354 natura
1060 2318 1085 2362 ²,
1101 2319 1165 2354 sed
1193 2318 1374 2354 vocabula
1391 2319 1539 2365 propria
1563 2319 1772 2364 ignoramus

493 2389 515 2411 a
539 2376 724 2422 principio,
748 2383 786 2412 et
808 2376 872 2412 ilia
895 2388 959 2422 per
981 2377 1141 2412 studium
1172 2374 1390 2411 inventionis
1425 2376 1631 2412 habuerunt
1665 2376 1769 2423 primi

493 2438 659 2470 auctores
676 2433 826 2480 logicae,
843 2444 910 2469 nos
927 2438 1050 2469 autem
1070 2444 1137 2480 per
1159 2433 1376 2469 doctrinam.
1430 2433 1481 2469 Et
1505 2439 1658 2480 propter
1682 2433 1771 2470 haec

494 2490 672 2527 vocabula
692 2491 735 2527 fit
750 2496 929 2527 tractatus
947 2495 986 2527 et
1001 2502 1121 2527 sermo
1138 2491 1186 2527 de
1203 2491 1332 2536 logica,
1350 2501 1423 2527 non
1439 2497 1587 2538 propter
1598 2491 1774 2527 scientiae

495 2549 608 2595 ipsius
630 2554 866 2595 potestatem.
888 2549 974 2595 quia
994 2549 1084 2584 haec
1112 2554 1170 2584 est
1196 2548 1345 2584 cuilibet
1372 2549 1509 2590 innata,
1538 2553 1578 2582 ut
1607 2548 1665 2583 hic
1694 2549 1773 2583 vult

497 2605 664 2642 Alhazen
681 2611 717 2641 et
735 2606 823 2641 alias
836 2605 1093 2642 demonstravi.
1130 2605 1182 2642 Et
1199 2606 1250 2640 sic
1268 2605 1627 2652 comprehenduntur
1643 2606 1772 2652 viginti

494 2663 679 2699 sensibiHa
704 2663 921 2705 communia,
952 2674 1034 2699 cum
1065 2663 1139 2699 suis
1167 2663 1370 2709 speciebuffi,
1399 2674 1471 2698 non
1501 2663 1596 2698 enim
1623 2669 1774 2710 possent

533 2733 539 2750 ²
564 2733 677 2761 ‘Homo
701 2737 746 2761 est
768 2739 850 2762 natus
872 2734 908 2761 ud
930 2733 1162 2768 distinguendum
1186 2733 1249 2760 sine
1272 2733 1435 2760 difficultate
1457 2736 1486 2760 et
1510 2734 1686 2769 arguendum
1710 2733 1774 2762 sine

498 2777 604 2811 labore,
619 2781 648 2803 et
661 2785 719 2804 non
732 2776 852 2811 percipit
863 2777 940 2812 quod
952 2777 1045 2811 arguit
1054 2785 1061 2809 ;
1070 2775 1078 2789 ¹
1097 2775 1235 2809 Aihazen,
1250 2776 1276 2803 ii.
1291 2784 1372 2811 prop.
1389 2784 1431 2811 ¹3·

537 2822 547 2836 ¹
565 2820 613 2847 On
635 2820 686 2846 the
707 2820 795 2854 slight
815 2820 990 2854 impert-nce
1011 2820 1146 2846 attached
1171 2820 1211 2853 by
1236 2820 1334 2847 Baton
1360 2824 1390 2846 to
1415 2819 1514 2847 formal
1536 2820 1612 2855 logie
1637 2820 1674 2847 cf.
1695 2820 1776 2855 opu

501 2864 630 2898 Tunica-u.
646 2871 706 2898 cup.
719 2863 817 2891 xxviii.
855 2862 918 2890 The
938 2863 1085 2891 reference
1105 2863 1176 2890 here
1195 2863 1334 2890 however
1352 2863 1377 2891 iu
1396 2866 1425 2891 to
1445 2864 1530 2891 other
1549 2863 1645 2891 works
1663 2867 1715 2891 not
1733 2863 1776 2891 ia-

495 2907 599 2934 eluded
621 2906 650 2933 in
672 2906 722 2934 the
746 2906 826 2942 Opus
843 2905 959 2941 Mus-u
987 2906 1110 2933 another
1130 2905 1219 2941 proof
1234 2905 1296 2933 that
1321 2905 1379 2934 thia
1399 2914 1476 2942 copy
1492 2905 1527 2933 os
1541 2905 1589 2933 the
1607 2905 1777 2942 Pnspeen'u

497 2950 628 2977 contains
639 2948 784 2977 additions
796 2948 940 2985 posterior
951 2954 982 2976 to
998 2950 1078 2983 ¹⁸⁶7·
