2350 3580
619 717 687 752 351,
855 707 1027 741 OPERIS
1052 707 1262 746 MAJORJS
1288 707 1414 741 PARS
1441 706 1663 740 SEPTIMA.

619 797 755 844 quibua
771 800 914 842 partem
937 797 1037 831 vitae
1061 800 1209 831 nostrae
1232 796 1510 842 impendamua;
1545 806 1593 831 an
1618 795 1667 831 ad
1696 795 1779 831 illos
1805 799 1898 830 tem-

621 847 735 901 poris'
750 855 863 889 nostri
888 854 1031 899 jactura
1060 853 1259 899 perueniat.
1319 852 1484 900 Quidam
1516 853 1616 889 enim
1647 851 1746 889 ultro
1778 851 1898 888 officia

621 912 727 948 nobis
764 917 888 948 neutra
920 911 1117 958 imputant.
1184 911 1449 948 Athenodorus
1490 911 1543 947 ait
1578 921 1627 947 ne
1658 911 1708 947 ad
1740 919 1896 947 coenam

619 970 766 1014 quidem
786 981 826 1006 se
843 969 977 1004 iturum
990 969 1039 1004 ad
1050 980 1134 1004 eum
1148 969 1212 1014 qui
1225 968 1293 1004 sibi
1310 968 1361 1004 nil
1380 979 1447 1014 pro
1465 968 1535 1004 hoc
1552 968 1743 1004 debiturus
1754 968 1812 1004 sit.
1829 994 1838 1002 .
1857 991 1867 1001 .
1887 991 1896 1000 .

620 1027 936 1063 Considerandum
954 1031 1010 1062 ent
1028 1032 1150 1064 utrum
1172 1031 1304 1062 natura
1327 1032 1392 1062 tua
1414 1027 1567 1072 agendis
1584 1025 1694 1061 rebus
1709 1037 1756 1061 an
1776 1026 1898 1062 otioso

619 1085 741 1120 studio
766 1083 1141 1130 contemplationique
1164 1085 1286 1130 aptior
1310 1085 1380 1127 εἰη
1412 1090 1450 1120 et
1474 1095 1521 1120 eo
1546 1083 1796 1120 inclinandum
1822 1093 1897 1129 quo

620 1149 659 1179 te
675 1142 728 1179 vis
746 1142 877 1188 ingenii
899 1141 999 1178 feret.
1019 1168 1027 1178 .
1042 1168 1050 1176 .
1065 1168 1074 1178 .
1091 1141 1192 1178 Male
1210 1141 1308 1178 enim
1327 1141 1549 1188 respondent
1567 1146 1696 1178 coacta
1714 1141 1860 1188 ingenia
1873 1140 1898 1174 ¹.

620 1227 628 1234 .
648 1225 657 1234 .
675 1226 684 1236 .
703 1199 806 1235 Nihil
823 1204 946 1235 autem
963 1210 1081 1245 aeque
1097 1199 1259 1234 oblectat
1279 1199 1443 1234 animum
1465 1210 1576 1245 quam
1598 1199 1760 1234 amicitia
1777 1197 1898 1234 fidelis

619 1264 657 1294 et
672 1258 801 1294 dulcis.
852 1257 1043 1303 Quantum
1070 1257 1208 1293 bonum
1230 1263 1288 1293 est
1307 1258 1370 1292 ubi
1392 1264 1478 1294 sunt
1503 1262 1720 1303 praeparata
1746 1262 1898 1303 pectora

621 1316 656 1352 in
672 1328 769 1362 quae
790 1322 872 1352 tuto
892 1321 1074 1351 secretum
1098 1325 1208 1356 omne
1228 1314 1436 1358 descendat,
1454 1327 1609 1361 quorum
1634 1314 1896 1351 conscientiam

621 1373 739 1410 minua
756 1385 866 1420 quam
883 1380 987 1410 tuam
1003 1373 1148 1414 timeas,
1163 1383 1319 1421 quorum
1343 1384 1463 1414 nermo
1485 1372 1755 1419 solicitudinem
1774 1372 1896 1415 leniat,

619 1432 801 1468 sententia
819 1431 1009 1466 consilium
1028 1431 1216 1476 expediat,
1233 1430 1394 1466 hilaritas
1412 1431 1599 1466 tristitiam
1622 1431 1787 1476 dissipet,
1808 1441 1897 1466 con-

619 1495 766 1536 spectus
790 1490 868 1535 ipse
895 1488 1072 1525 delectet!
1105 1501 1199 1534 quos
1225 1488 1364 1524 scilicet
1386 1500 1523 1524 vacuos
1550 1486 1605 1537 [a]
1633 1488 1898 1534 cupiditatibus

619 1553 797 1593 quantum
826 1545 901 1588 fleri
929 1546 1063 1592 poterit
1090 1547 1279 1593 eligemus.
1341 1545 1502 1593 Sei-punt
1534 1547 1632 1582 enim
1665 1546 1756 1583 vitia
1789 1551 1827 1582 et
1860 1545 1896 1582 in

618 1605 830 1651 proximum
855 1615 1038 1650 quemque
1061 1604 1270 1639 transiliunt
1292 1609 1330 1641 et
1352 1610 1523 1641 contactu
1543 1610 1675 1641 nocent
1685 1601 1709 1638 ².
1763 1604 1896 1650 Itaque

619 1663 717 1708 quod
736 1663 771 1696 in
792 1661 998 1708 pestilentia
1014 1653 1216 1698 curandum
1236 1667 1301 1705 est.
1320 1673 1365 1696 ne
1387 1663 1563 1707 correptis
1576 1662 1654 1707 jam
1678 1662 1896 1707 corporibus

619 1726 656 1756 et
690 1718 819 1755 morbo
852 1719 1090 1766 flagrantibus
1130 1718 1366 1761 assideamus,
1395 1721 1481 1766 quia
1514 1719 1674 1771 pericula
1707 1719 1896 1755 trahemus

618 1777 831 1824 adflatuque
848 1777 928 1823 ipso
946 1770 1270 1818 laborabim.u3,‹ita
1288 1778 1323 1813 in
1342 1778 1543 1814 amicorum
1558 1777 1725 1824 legendis
1740 1777 1894 1824 ingeniis

619 1836 788 1872 dabimus
812 1846 961 1880 operam
992 1839 1033 1871 ut
1061 1846 1174 1880 quam
1202 1834 1352 1870 minime
1384 1834 1621 1880 inquinatos⁸
1645 1835 1891 1872 adsumamus,

619 1893 767 1929 Initium
788 1892 906 1928 morbi
923 1897 979 1927 est
996 1893 1117 1938 aegris
1133 1904 1226 1928 sana
1248 1893 1405 1928 miscere.
1458 1893 1538 1928 Nec
1554 1893 1625 1927 hoc
1646 1893 1894 1939 praeceperim

617 1950 681 1987 tibi
708 1955 748 1986 ut
775 1950 957 1986 neminem
978 1951 1045 1985 nisi
1064 1949 1297 1996 sapientem⁴
1315 1951 1478 1996 sequaris
1503 1956 1565 1986 aut
1589 1950 1765 1986 attrahas.
1816 1950 1894 1988 Ubi

615 2008 710 2044 enim
746 2007 879 2044 istum⁵
914 2009 1075 2044 invenies
1108 2019 1219 2054 quem
1256 2015 1313 2045 tot
1346 2008 1501 2045 saeculis
1532 2009 1772 2054 quaerimus?
1823 2009 1894 2044 Pro

616 2067 757 2112 optimo
778 2072 835 2101 est
857 2066 1006 2101 minime
1028 2065 1153 2100 malus.
1173 2092 1182 2100 .
1203 2091 1210 2099 .
1230 2092 1236 2099 .
1258 2066 1292 2100 N
1297 2077 1365 2100 unc
1383 2077 1470 2100 vero
1493 2066 1530 2100 in
1554 2070 1656 2101 tanta
1676 2062 1891 2114 [bonorum]

615 2129 779 2169 egestate
823 2124 943 2158 minus
981 2122 1172 2159 fastidiosa
1214 2122 1277 2158 fiat
1314 2122 1456 2158 electio.
1525 2122 1725 2169 Praecipue
1764 2129 1889 2159 tamen

614 2181 775 2216 vitentur
795 2181 918 2216 tristes
941 2187 978 2217 et
1001 2181 1125 2217 omnia
1143 2180 1391 2227 deplorantes.
1410 2181 1543 2227 quibus
1562 2180 1661 2216 nulla
1679 2192 1753 2217 non
1780 2193 1891 2218 causa

617 2239 651 2289 in
677 2238 842 2285 querelas
867 2238 997 2286 placet.
1052 2238 1209 2274 Constet
1234 2238 1283 2274 illi
1315 2239 1400 2274 lieet
1427 2239 1521 2274 fides
1547 2245 1585 2274 vet
1612 2238 1891 2281 benevolentia;

616 2296 867 2342 tranquillitati
892 2303 1017 2332 tamen
1042 2297 1210 2332 inimicus
1230 2303 1285 2332 est
1310 2309 1433 2333 comes
1456 2297 1691 2342 perturbatus
1711 2303 1749 2333 et
1766 2298 1894 2333 omnia

614 2364 772 2400 gemens.

429 2427 574 2454 neTnn·
661 2411 928 2448 ‘Transeamus
943 2413 992 2449 ad
1012 2412 1250 2458 patrimonia„
1269 2412 1471 2447 maximam
1492 2421 1749 2448 aerumnarum
1775 2419 1892 2449 mate-

426 2462 573 2533 Qiafflgss‘·
614 2470 717 2505 riam.
766 2469 863 2504 Nam
883 2471 912 2504 si
937 2471 1059 2506 omnia
1085 2470 1157 2504 alia
1180 2470 1312 2515 quibus
1336 2465 1506 2514 angimur
1523 2481 1727 2516 compares,
1745 2478 1892 2516 mortes,

482 2520 487 2527 ’
521 2520 528 2527 '
613 2528 890 2573 aegrotationes,
917 2533 1045 2572 metus,
1068 2528 1261 2563 desideria.
1285 2528 1454 2563 dolorum
1481 2528 1723 2574 laborumque
1749 2531 1900 2575 patim-⁴

613 2585 715 2627 tia'm,
751 2596 836 2620 cum
875 2585 917 2620 iis
954 2596 1050 2631 quae
1090 2585 1196 2620 nobis
1230 2597 1271 2619 Ιιτι
1287 2584 1334 2620 xla
1372 2586 1527 2631 pecunia
1564 2593 1689 2622 nostra
1725 2588 1889 2630 exbibet,

612 2643 701 2678 haec
742 2654 826 2689 pars
861 2642 1017 2677 multum
1057 2643 1322 2689 praegravabit.
1384 2643 1516 2691 Itaque
1550 2644 1789 2690 cogitandum
1834 2651 1889 2681 est

610 2706 751 2746 quanto
773 2701 888 2735 levior
912 2700 1017 2734 dolor
1045 2700 1094 2736 sit
1120 2712 1194 2735 non
1216 2700 1352 2736 habere
1376 2713 1487 2747 quam
1512 2703 1686 2747 perdere;
1720 2709 1758 2737 et
1783 2702 1889 2738 intel·

648 2776 657 2793 ¹
679 2776 711 2803 ln
726 2775 848 2803 Haase's
864 2775 974 2802 edition
988 2775 1019 2802 os
1028 2775 1148 2804 Seneca.
1161 2775 1219 2802 this
1236 2777 1290 2803 and
1305 2776 1354 2803 the
1372 2776 1521 2811 foregoing
1536 2780 1676 2804 sentence
1694 2785 1780 2804 occur
1796 2786 1889 2805 some-

613 2821 690 2847 what
704 2821 812 2846 earlier.
850 2819 883 2846 ln
908 2819 957 2845 the
979 2819 1092 2846 earliest
1111 2820 1223 2853 printed
1243 2820 1350 2846 edition
1372 2821 1470 2856 (1492)
1492 2820 1561 2854 they
1578 2829 1658 2847 come
1682 2821 1709 2847 in
1732 2821 1783 2847 the
1805 2823 1890 2849 order

613 2865 641 2892 in
655 2864 751 2892 which
766 2863 863 2891 nacon
877 2866 979 2896 quotes
992 2863 1078 2888 them.

648 2908 657 2923 ¹
675 2907 783 2934 intrant
792 2911 846 2942 pm
859 2909 972 2938 nocent,
987 2905 1021 2932 D.
1034 2909 1063 2932 et
1078 2905 1112 2932 Ο.
1439 2907 1450 2922 '
1470 2906 1667 2941 inflammatos,
1683 2907 1716 2935 D.
1732 2912 1760 2935 et
1776 2907 1814 2936 Ο.

646 2952 655 2967 “
675 2951 819 2986 perfectae
832 2949 999 2984 sapientiae,
1017 2947 1050 2976 D.
1068 2953 1094 2976 et
1110 2948 1145 2977 0.
1443 2948 1454 2965 ⁸
1474 2949 1554 2983 illud,
1572 2951 1607 2977 D.
1623 2955 1652 2977 et
1665 2951 1702 2978 Ο.
