<?xml version="1.0" encoding="UTF-8"?>
<!DOCTYPE html PUBLIC "-//W3C//DTD XHTML 1.0 Transitional//EN"
    "http://www.w3.org/TR/xhtml1/DTD/xhtml1-transitional.dtd">
<html xmlns="http://www.w3.org/1999/xhtml" xml:lang="en" lang="en">
 <head>
  <title>
</title>
<meta http-equiv="Content-Type" content="text/html;charset=utf-8" />
  <meta name='ocr-system' content='tesseract 3.04.00' />
  <meta name='ocr-capabilities' content='ocr_page ocr_carea ocr_par ocr_line ocrx_word'/>
</head>
<body>
  <div class='ocr_page' id='page_1' title='image "./opusmajusrogerb00bridgoog/opusmajusrogerb00bridgoog_0475.png"; bbox 0 0 2350 3580; ppageno 0'>
   <div class='ocr_carea' id='block_1_1' title="bbox 799 691 1747 735">
    <p class='ocr_par' dir='ltr' id='par_1_1' title="bbox 799 691 1747 735">
     <span class='ocr_line' id='line_1_1' title="bbox 799 691 1747 735; baseline -0.001 -10"><span class='ocrx_word' id='word_1_1' title='bbox 799 692 931 726; x_wconf 79' lang='lat' dir='ltr'><em>PARS</em></span> <span class='ocrx_word' id='word_1_2' title='bbox 957 692 1180 725; x_wconf 75' lang='lat' dir='ltr'><em>SECUNDA</em></span> <span class='ocrx_word' id='word_1_3' title='bbox 1193 703 1208 724; x_wconf 76' lang='lat'>.-</span> <span class='ocrx_word' id='word_1_4' title='bbox 1245 691 1344 725; x_wconf 79' lang='lat' dir='ltr'><strong><em>CAP.</em></strong></span> <span class='ocrx_word' id='word_1_5' title='bbox 1372 692 1421 725; x_wconf 84' lang='grc' dir='ltr'>ΙΙ.</span> <span class='ocrx_word' id='word_1_6' title='bbox 1678 692 1747 735; x_wconf 76' lang='lat'>⁴⁶3</span> 
     </span>
    </p>
   </div>
   <div class='ocr_carea' id='block_1_2' title="bbox 462 781 1857 1580">
    <p class='ocr_par' dir='ltr' id='par_1_2' title="bbox 462 781 1744 935">
     <span class='ocr_line' id='line_1_2' title="bbox 462 781 1744 831; baseline -0.002 -12"><span class='ocrx_word' id='word_1_7' title='bbox 462 784 611 831; x_wconf 78' lang='lat' dir='ltr'>patebit</span> <span class='ocrx_word' id='word_1_8' title='bbox 627 782 788 819; x_wconf 78' lang='lat' dir='ltr'>inferius.</span> <span class='ocrx_word' id='word_1_9' title='bbox 837 781 982 819; x_wconf 82' lang='lat' dir='ltr'>Sufficit</span> <span class='ocrx_word' id='word_1_10' title='bbox 997 782 1095 817; x_wconf 86' lang='lat' dir='ltr'>enim</span> <span class='ocrx_word' id='word_1_11' title='bbox 1113 793 1210 817; x_wconf 90' lang='lat' dir='ltr'>nunc</span> <span class='ocrx_word' id='word_1_12' title='bbox 1234 788 1275 818; x_wconf 93' lang='lat' dir='ltr'>ut</span> <span class='ocrx_word' id='word_1_13' title='bbox 1289 782 1460 818; x_wconf 85' lang='lat' dir='ltr'>videatur</span> <span class='ocrx_word' id='word_1_14' title='bbox 1480 783 1517 818; x_wconf 90' lang='lat' dir='ltr'>in</span> <span class='ocrx_word' id='word_1_15' title='bbox 1538 783 1744 824; x_wconf 79' lang='lat' dir='ltr'>universali,</span> 
     </span>
     <span class='ocr_line' id='line_1_3' title="bbox 462 839 1744 888; baseline -0.001 -12"><span class='ocrx_word' id='word_1_16' title='bbox 462 841 625 888; x_wconf 80' lang='lat' dir='ltr'>qualiter</span> <span class='ocrx_word' id='word_1_17' title='bbox 649 839 829 887; x_wconf 77' lang='lat' dir='ltr'>frangitur</span> <span class='ocrx_word' id='word_1_18' title='bbox 852 840 976 875; x_wconf 86' lang='lat' dir='ltr'>radius</span> <span class='ocrx_word' id='word_1_19' title='bbox 1001 851 1068 886; x_wconf 88' lang='lat' dir='ltr'>per</span> <span class='ocrx_word' id='word_1_20' title='bbox 1090 840 1266 886; x_wconf 81' lang='lat' dir='ltr'><strong>angulum</strong></span> <span class='ocrx_word' id='word_1_21' title='bbox 1289 840 1510 876; x_wconf 85' lang='lat' dir='ltr'>declinando</span> <span class='ocrx_word' id='word_1_22' title='bbox 1529 841 1581 876; x_wconf 78' lang='lat' dir='ltr'>ab</span> <span class='ocrx_word' id='word_1_23' title='bbox 1604 840 1744 876; x_wconf 63' lang='lat' dir='ltr'>inem</span> 
     </span>
     <span class='ocr_line' id='line_1_4' title="bbox 463 905 616 935; baseline -0.013 0"><span class='ocrx_word' id='word_1_24' title='bbox 463 905 578 935; x_wconf 65' lang='lat' dir='ltr'>rtcto.</span> <span class='ocrx_word' id='word_1_25' title='bbox 608 919 616 923; x_wconf 93' lang='lat'>-</span> 
     </span>
    </p>

    <p class='ocr_par' dir='ltr' id='par_1_3' title="bbox 463 955 1857 1580">
     <span class='ocr_line' id='line_1_5' title="bbox 516 955 1853 1002; baseline 0 -10"><span class='ocrx_word' id='word_1_26' title='bbox 516 956 559 993; x_wconf 91' lang='lat' dir='ltr'>Si</span> <span class='ocrx_word' id='word_1_27' title='bbox 586 968 676 992; x_wconf 84' lang='lat' dir='ltr'>vero</span> <span class='ocrx_word' id='word_1_28' title='bbox 703 967 838 1002; x_wconf 87' lang='lat' dir='ltr'>corpus</span> <span class='ocrx_word' id='word_1_29' title='bbox 865 956 1068 991; x_wconf 84' lang='lat' dir='ltr'>secundum</span> <span class='ocrx_word' id='word_1_30' title='bbox 1100 966 1174 991; x_wconf 90' lang='lat' dir='ltr'>non</span> <span class='ocrx_word' id='word_1_31' title='bbox 1202 955 1325 991; x_wconf 74' lang='lat' dir='ltr'>differt</span> <span class='ocrx_word' id='word_1_32' title='bbox 1354 956 1391 991; x_wconf 89' lang='lat' dir='ltr'>in</span> <span class='ocrx_word' id='word_1_33' title='bbox 1419 955 1694 1001; x_wconf 81' lang='lat' dir='ltr'>diaphaneitate</span> <span class='ocrx_word' id='word_1_34' title='bbox 1721 965 1853 998; x_wconf 41' lang='lat' dir='ltr'>aske-</span> 
     </span>
     <span class='ocr_line' id='line_1_6' title="bbox 463 1000 1857 1073; baseline -0.002 -23"><span class='ocrx_word' id='word_1_35' title='bbox 463 1014 598 1062; x_wconf 86' lang='lat' dir='ltr'>primo,</span> <span class='ocrx_word' id='word_1_36' title='bbox 627 1015 692 1050; x_wconf 83' lang='lat' dir='ltr'>sed</span> <span class='ocrx_word' id='word_1_37' title='bbox 724 1014 878 1049; x_wconf 88' lang='lat' dir='ltr'>omnino</span> <span class='ocrx_word' id='word_1_38' title='bbox 909 1018 966 1048; x_wconf 67' lang='lat' dir='ltr'>est</span> <span class='ocrx_word' id='word_1_39' title='bbox 997 1013 1166 1055; x_wconf 80' lang='lat' dir='ltr'>densum,</span> <span class='ocrx_word' id='word_1_40' title='bbox 1194 1013 1246 1048; x_wconf 87' lang='lat' dir='ltr'>ita</span> <span class='ocrx_word' id='word_1_41' title='bbox 1273 1013 1374 1059; x_wconf 90' lang='lat' dir='ltr'>quod</span> <span class='ocrx_word' id='word_1_42' title='bbox 1408 1018 1533 1058; x_wconf 86' lang='lat' dir='ltr'>potest</span> <span class='ocrx_word' id='word_1_43' title='bbox 1566 1000 1857 1073; x_wconf 51' lang='lat' dir='ltr'>impediressffl</span> 
     </span>
     <span class='ocr_line' id='line_1_7' title="bbox 464 1071 1745 1118; baseline -0.001 -11"><span class='ocrx_word' id='word_1_44' title='bbox 464 1072 661 1108; x_wconf 78' lang='lat' dir='ltr'>transitum</span> <span class='ocrx_word' id='word_1_45' title='bbox 690 1072 836 1118; x_wconf 80' lang='lat' dir='ltr'>speciei,</span> <span class='ocrx_word' id='word_1_46' title='bbox 861 1077 950 1107; x_wconf 88' lang='lat' dir='ltr'>tunc</span> <span class='ocrx_word' id='word_1_47' title='bbox 973 1071 1116 1116; x_wconf 67' lang='lat' dir='ltr'>species</span> <span class='ocrx_word' id='word_1_48' title='bbox 1142 1081 1292 1106; x_wconf 85' lang='lat' dir='ltr'>sumens</span> <span class='ocrx_word' id='word_1_49' title='bbox 1319 1071 1549 1106; x_wconf 62' lang='lat' dir='ltr'>occasionem</span> <span class='ocrx_word' id='word_1_50' title='bbox 1577 1082 1602 1105; x_wconf 90' lang='lat' dir='ltr'>a</span> <span class='ocrx_word' id='word_1_51' title='bbox 1627 1071 1745 1106; x_wconf 85' lang='lat' dir='ltr'>denso</span> 
     </span>
     <span class='ocr_line' id='line_1_8' title="bbox 464 1128 1746 1176; baseline -0.002 -11"><span class='ocrx_word' id='word_1_52' title='bbox 464 1130 504 1164; x_wconf 87' lang='lat' dir='ltr'>in</span> <span class='ocrx_word' id='word_1_53' title='bbox 522 1136 666 1176; x_wconf 83' lang='lat' dir='ltr'>partem</span> <span class='ocrx_word' id='word_1_54' title='bbox 681 1129 836 1165; x_wconf 88' lang='lat' dir='ltr'>alteram</span> <span class='ocrx_word' id='word_1_55' title='bbox 855 1129 948 1164; x_wconf 85' lang='lat' dir='ltr'>redit</span> <span class='ocrx_word' id='word_1_56' title='bbox 967 1139 1017 1163; x_wconf 84' lang='lat' dir='ltr'>ex</span> <span class='ocrx_word' id='word_1_57' title='bbox 1035 1129 1180 1174; x_wconf 89' lang='lat' dir='ltr'>propria</span> <span class='ocrx_word' id='word_1_58' title='bbox 1197 1128 1352 1169; x_wconf 79' lang='lat' dir='ltr'>virtute3</span> <span class='ocrx_word' id='word_1_59' title='bbox 1378 1134 1419 1163; x_wconf 94' lang='lat' dir='ltr'>ut</span> <span class='ocrx_word' id='word_1_60' title='bbox 1434 1138 1519 1163; x_wconf 89' lang='lat' dir='ltr'>cum</span> <span class='ocrx_word' id='word_1_61' title='bbox 1537 1138 1612 1163; x_wconf 87' lang='lat' dir='ltr'>non</span> <span class='ocrx_word' id='word_1_62' title='bbox 1628 1129 1746 1175; x_wconf 69' lang='lat' dir='ltr'>possit</span> 
     </span>
     <span class='ocr_line' id='line_1_9' title="bbox 466 1186 1746 1233; baseline -0.002 -10"><span class='ocrx_word' id='word_1_63' title='bbox 466 1198 508 1223; x_wconf 77' lang='lat' dir='ltr'>se</span> <span class='ocrx_word' id='word_1_64' title='bbox 536 1187 780 1233; x_wconf 62' lang='lat' dir='ltr'>multiplicare</span> <span class='ocrx_word' id='word_1_65' title='bbox 809 1187 846 1222; x_wconf 88' lang='lat' dir='ltr'>in</span> <span class='ocrx_word' id='word_1_66' title='bbox 875 1186 1032 1222; x_wconf 87' lang='lat' dir='ltr'>densum</span> <span class='ocrx_word' id='word_1_67' title='bbox 1066 1197 1200 1232; x_wconf 83' lang='lat' dir='ltr'>corpus</span> <span class='ocrx_word' id='word_1_68' title='bbox 1228 1186 1449 1232; x_wconf 58' lang='lat' dir='ltr'>multiplicat</span> <span class='ocrx_word' id='word_1_69' title='bbox 1481 1197 1522 1220; x_wconf 88' lang='lat' dir='ltr'>se</span> <span class='ocrx_word' id='word_1_70' title='bbox 1555 1186 1592 1221; x_wconf 89' lang='lat' dir='ltr'>in</span> <span class='ocrx_word' id='word_1_71' title='bbox 1625 1186 1746 1232; x_wconf 89' lang='lat' dir='ltr'>primo</span> 
     </span>
     <span class='ocr_line' id='line_1_10' title="bbox 463 1243 1746 1291; baseline -0.002 -11"><span class='ocrx_word' id='word_1_72' title='bbox 463 1255 620 1291; x_wconf 82' lang='lat' dir='ltr'>corpore</span> <span class='ocrx_word' id='word_1_73' title='bbox 640 1244 778 1281; x_wconf 75' lang='lat' dir='ltr'>faciens</span> <span class='ocrx_word' id='word_1_74' title='bbox 800 1244 989 1290; x_wconf 80' lang='lat' dir='ltr'>angulum,</span> <span class='ocrx_word' id='word_1_75' title='bbox 1005 1250 1044 1280; x_wconf 89' lang='lat' dir='ltr'>et</span> <span class='ocrx_word' id='word_1_76' title='bbox 1065 1244 1199 1279; x_wconf 87' lang='lat' dir='ltr'>dicitur</span> <span class='ocrx_word' id='word_1_77' title='bbox 1215 1243 1357 1289; x_wconf 87' lang='lat' dir='ltr'>species</span> <span class='ocrx_word' id='word_1_78' title='bbox 1376 1243 1514 1278; x_wconf 81' lang='lat' dir='ltr'>reflexa</span> <span class='ocrx_word' id='word_1_79' title='bbox 1531 1244 1691 1290; x_wconf 80' lang='lat' dir='ltr'>proprie,</span> <span class='ocrx_word' id='word_1_80' title='bbox 1705 1248 1746 1279; x_wconf 88' lang='lat' dir='ltr'>et</span> 
     </span>
     <span class='ocr_line' id='line_1_11' title="bbox 467 1300 1744 1349; baseline -0.002 -11"><span class='ocrx_word' id='word_1_81' title='bbox 467 1303 505 1338; x_wconf 89' lang='lat' dir='ltr'>in</span> <span class='ocrx_word' id='word_1_82' title='bbox 529 1303 717 1339; x_wconf 76' lang='lat' dir='ltr'>communi</span> <span class='ocrx_word' id='word_1_83' title='bbox 740 1314 808 1338; x_wconf 89' lang='lat' dir='ltr'>usu</span> <span class='ocrx_word' id='word_1_84' title='bbox 832 1303 934 1349; x_wconf 89' lang='lat' dir='ltr'>apud</span> <span class='ocrx_word' id='word_1_85' title='bbox 954 1312 1107 1343; x_wconf 87' lang='lat' dir='ltr'>omnes;</span> <span class='ocrx_word' id='word_1_86' title='bbox 1132 1312 1199 1336; x_wconf 89' lang='lat' dir='ltr'>nec</span> <span class='ocrx_word' id='word_1_87' title='bbox 1224 1308 1348 1336; x_wconf 82' lang='lat' dir='ltr'>tamen</span> <span class='ocrx_word' id='word_1_88' title='bbox 1374 1300 1561 1347; x_wconf 79' lang='lat' dir='ltr'>repellitur</span> <span class='ocrx_word' id='word_1_89' title='bbox 1580 1312 1648 1347; x_wconf 87' lang='lat' dir='ltr'>per</span> <span class='ocrx_word' id='word_1_90' title='bbox 1666 1301 1744 1335; x_wconf 81' lang='lat' dir='ltr'>vio-</span> 
     </span>
     <span class='ocr_line' id='line_1_12' title="bbox 465 1359 1744 1405; baseline -0.002 -10"><span class='ocrx_word' id='word_1_91' title='bbox 465 1360 629 1402; x_wconf 83' lang='lat' dir='ltr'>lentiam,</span> <span class='ocrx_word' id='word_1_92' title='bbox 655 1361 722 1395; x_wconf 79' lang='lat' dir='ltr'>sed</span> <span class='ocrx_word' id='word_1_93' title='bbox 754 1360 875 1395; x_wconf 89' lang='lat' dir='ltr'>solum</span> <span class='ocrx_word' id='word_1_94' title='bbox 908 1360 1023 1395; x_wconf 86' lang='lat' dir='ltr'>sumit</span> <span class='ocrx_word' id='word_1_95' title='bbox 1054 1359 1285 1395; x_wconf 80' lang='lat' dir='ltr'>occasionem</span> <span class='ocrx_word' id='word_1_96' title='bbox 1318 1371 1343 1394; x_wconf 84' lang='lat' dir='ltr'>a</span> <span class='ocrx_word' id='word_1_97' title='bbox 1373 1359 1490 1394; x_wconf 86' lang='lat' dir='ltr'>denso</span> <span class='ocrx_word' id='word_1_98' title='bbox 1521 1359 1744 1405; x_wconf 78' lang='lat' dir='ltr'>impediente</span> 
     </span>
     <span class='ocr_line' id='line_1_13' title="bbox 465 1415 1744 1463; baseline -0.002 -10"><span class='ocrx_word' id='word_1_99' title='bbox 465 1418 674 1459; x_wconf 86' lang='lat' dir='ltr'>transitum,</span> <span class='ocrx_word' id='word_1_100' title='bbox 698 1423 736 1452; x_wconf 89' lang='lat' dir='ltr'>et</span> <span class='ocrx_word' id='word_1_101' title='bbox 761 1418 863 1453; x_wconf 86' lang='lat' dir='ltr'>vadit</span> <span class='ocrx_word' id='word_1_102' title='bbox 888 1428 955 1463; x_wconf 90' lang='lat' dir='ltr'>per</span> <span class='ocrx_word' id='word_1_103' title='bbox 977 1416 1090 1452; x_wconf 81' lang='lat' dir='ltr'>aliam</span> <span class='ocrx_word' id='word_1_104' title='bbox 1113 1416 1223 1459; x_wconf 87' lang='lat' dir='ltr'>viam,</span> <span class='ocrx_word' id='word_1_105' title='bbox 1243 1423 1285 1452; x_wconf 91' lang='lat' dir='ltr'>ut</span> <span class='ocrx_word' id='word_1_106' title='bbox 1310 1416 1485 1463; x_wconf 60' lang='lat' dir='ltr'>possibile</span> <span class='ocrx_word' id='word_1_107' title='bbox 1507 1421 1565 1451; x_wconf 68' lang='lat' dir='ltr'>eat</span> <span class='ocrx_word' id='word_1_108' title='bbox 1588 1416 1632 1451; x_wconf 89' lang='lat' dir='ltr'>ei.</span> <span class='ocrx_word' id='word_1_109' title='bbox 1683 1415 1744 1452; x_wconf 90' lang='lat' dir='ltr'>Sic</span> 
     </span>
     <span class='ocr_line' id='line_1_14' title="bbox 466 1473 1745 1521; baseline -0.002 -10"><span class='ocrx_word' id='word_1_110' title='bbox 466 1476 517 1511; x_wconf 87' lang='lat' dir='ltr'>sit</span> <span class='ocrx_word' id='word_1_111' title='bbox 532 1475 588 1511; x_wconf 83' lang='lat' dir='ltr'>ab</span> <span class='ocrx_word' id='word_1_112' title='bbox 608 1476 780 1517; x_wconf 81' lang='lat' dir='ltr'>densum,</span> <span class='ocrx_word' id='word_1_113' title='bbox 794 1481 833 1511; x_wconf 91' lang='lat' dir='ltr'>et</span> <span class='ocrx_word' id='word_1_114' title='bbox 854 1487 875 1510; x_wconf 88' lang='lat' dir='ltr'>o</span> <span class='ocrx_word' id='word_1_115' title='bbox 896 1485 1012 1520; x_wconf 84' lang='lat' dir='ltr'>agens</span> <span class='ocrx_word' id='word_1_116' title='bbox 1027 1485 1036 1516; x_wconf 87' lang='lat'>;</span> <span class='ocrx_word' id='word_1_117' title='bbox 1061 1474 1203 1521; x_wconf 65' lang='lat' dir='ltr'>species</span> <span class='ocrx_word' id='word_1_118' title='bbox 1224 1475 1334 1521; x_wconf 85' lang='lat' dir='ltr'>igitur</span> <span class='ocrx_word' id='word_1_119' title='bbox 1351 1475 1502 1510; x_wconf 74' lang='lat' dir='ltr'>veniens</span> <span class='ocrx_word' id='word_1_120' title='bbox 1520 1474 1569 1509; x_wconf 87' lang='lat' dir='ltr'>ab</span> <span class='ocrx_word' id='word_1_121' title='bbox 1584 1486 1606 1509; x_wconf 89' lang='lat' dir='ltr'>o</span> <span class='ocrx_word' id='word_1_122' title='bbox 1621 1474 1668 1510; x_wconf 85' lang='lat' dir='ltr'>ad</span> <span class='ocrx_word' id='word_1_123' title='bbox 1686 1486 1711 1509; x_wconf 86' lang='lat' dir='ltr'>a</span> <span class='ocrx_word' id='word_1_124' title='bbox 1723 1473 1745 1509; x_wconf 77' lang='lat' dir='ltr'><em>h</em></span> 
     </span>
     <span class='ocr_line' id='line_1_15' title="bbox 464 1532 1217 1580; baseline -0.001 -12"><span class='ocrx_word' id='word_1_125' title='bbox 464 1544 540 1568; x_wconf 88' lang='lat' dir='ltr'>non</span> <span class='ocrx_word' id='word_1_126' title='bbox 575 1537 701 1580; x_wconf 65' lang='lat' dir='ltr'>potoet</span> <span class='ocrx_word' id='word_1_127' title='bbox 738 1532 906 1576; x_wconf 88' lang='lat' dir='ltr'>transire,</span> <span class='ocrx_word' id='word_1_128' title='bbox 939 1537 977 1567; x_wconf 92' lang='lat' dir='ltr'>et</span> <span class='ocrx_word' id='word_1_129' title='bbox 1012 1532 1096 1567; x_wconf 90' lang='lat' dir='ltr'>ideo</span> <span class='ocrx_word' id='word_1_130' title='bbox 1129 1543 1217 1568; x_wconf 83' lang='lat' dir='ltr'>oon-</span> 
     </span>
    </p>
   </div>
   <div class='ocr_carea' id='block_1_3' title="bbox 463 1581 1743 1766">
    <p class='ocr_par' dir='ltr' id='par_1_4' title="bbox 463 1581 1743 1766">
     <span class='ocr_line' id='line_1_16' title="bbox 466 1581 1711 1759; baseline -0.002 -133"><span class='ocrx_word' id='word_1_131' title='bbox 466 1590 590 1626; x_wconf 83' lang='lat' dir='ltr'>stituit</span> <span class='ocrx_word' id='word_1_132' title='bbox 613 1590 801 1636; x_wconf 81' lang='lat' dir='ltr'>angulum,</span> <span class='ocrx_word' id='word_1_133' title='bbox 817 1596 857 1626; x_wconf 88' lang='lat' dir='ltr'>et</span> <span class='ocrx_word' id='word_1_134' title='bbox 878 1590 973 1626; x_wconf 89' lang='lat' dir='ltr'>redit</span> <span class='ocrx_word' id='word_1_135' title='bbox 996 1601 1063 1636; x_wconf 85' lang='lat' dir='ltr'>per</span> <span class='ocrx_word' id='word_1_136' title='bbox 1080 1590 1214 1625; x_wconf 65' lang='lat' dir='ltr'>lineam</span> <span class='ocrx_word' id='word_1_137' title='bbox 1254 1581 1299 1759; x_wconf 60' lang='grc' dir='ltr'>Ξ</span> <span class='ocrx_word' id='word_1_138' title='bbox 1655 1587 1711 1755; x_wconf 47' lang='lat' dir='ltr'>j</span> 
     </span>
     <span class='ocr_line' id='line_1_17' title="bbox 463 1647 1215 1694; baseline -0.001 -11"><span class='ocrx_word' id='word_1_139' title='bbox 463 1647 530 1683; x_wconf 83' lang='lat' dir='ltr'>cd.</span> <span class='ocrx_word' id='word_1_140' title='bbox 569 1647 694 1683; x_wconf 87' lang='lat' dir='ltr'>Prima</span> <span class='ocrx_word' id='word_1_141' title='bbox 709 1659 798 1684; x_wconf 90' lang='lat' dir='ltr'>vero</span> <span class='ocrx_word' id='word_1_142' title='bbox 810 1648 962 1694; x_wconf 69' lang='lat' dir='ltr'>species,</span> <span class='ocrx_word' id='word_1_143' title='bbox 974 1659 1071 1693; x_wconf 88' lang='lat' dir='ltr'>quae</span> <span class='ocrx_word' id='word_1_144' title='bbox 1086 1654 1144 1683; x_wconf 70' lang='lat' dir='ltr'>est</span> <span class='ocrx_word' id='word_1_145' title='bbox 1155 1659 1215 1689; x_wconf 85' lang='lat' dir='ltr'>oc,</span> 
     </span>
     <span class='ocr_line' id='line_1_18' title="bbox 464 1705 1743 1766; baseline -0.002 -25"><span class='ocrx_word' id='word_1_146' title='bbox 464 1711 620 1741; x_wconf 62' lang='lat' dir='ltr'>vocatur</span> <span class='ocrx_word' id='word_1_147' title='bbox 646 1706 788 1752; x_wconf 85' lang='lat' dir='ltr'>species</span> <span class='ocrx_word' id='word_1_148' title='bbox 814 1706 870 1741; x_wconf 89' lang='lat' dir='ltr'>vel</span> <span class='ocrx_word' id='word_1_149' title='bbox 904 1705 1027 1741; x_wconf 86' lang='lat' dir='ltr'>radius</span> <span class='ocrx_word' id='word_1_150' title='bbox 1053 1705 1213 1741; x_wconf 89' lang='lat' dir='ltr'>inciden-</span> <span class='ocrx_word' id='word_1_151' title='bbox 1721 1730 1743 1766; x_wconf 65' lang='lat' dir='ltr'><em>b</em></span> 
     </span>
    </p>
   </div>
   <div class='ocr_carea' id='block_1_4' title="bbox 461 1755 1930 2618">
    <p class='ocr_par' dir='ltr' id='par_1_5' title="bbox 465 1755 1558 1828">
     <span class='ocr_line' id='line_1_19' title="bbox 465 1755 1558 1828; baseline -0.002 -29"><span class='ocrx_word' id='word_1_152' title='bbox 465 1764 554 1807; x_wconf 82' lang='lat' dir='ltr'>tiae,</span> <span class='ocrx_word' id='word_1_153' title='bbox 565 1764 653 1810; x_wconf 87' lang='lat' dir='ltr'>quia</span> <span class='ocrx_word' id='word_1_154' title='bbox 676 1764 804 1799; x_wconf 84' lang='lat' dir='ltr'>incidit</span> <span class='ocrx_word' id='word_1_155' title='bbox 818 1764 866 1799; x_wconf 88' lang='lat' dir='ltr'>ad</span> <span class='ocrx_word' id='word_1_156' title='bbox 883 1763 1062 1804; x_wconf 66' lang='lat' dir='ltr'>densum</span> <span class='ocrx_word' id='word_1_157' title='bbox 1087 1769 1125 1798; x_wconf 91' lang='lat' dir='ltr'>et</span> <span class='ocrx_word' id='word_1_158' title='bbox 1141 1763 1215 1798; x_wconf 85' lang='lat' dir='ltr'>alia</span> <span class='ocrx_word' id='word_1_159' title='bbox 1433 1755 1498 1821; x_wconf 40' lang='grc' dir='ltr'>ξω.</span> <span class='ocrx_word' id='word_1_160' title='bbox 1513 1801 1558 1828; x_wconf 75' lang='lat'>7⁴·</span> 
     </span>
    </p>

    <p class='ocr_par' dir='ltr' id='par_1_6' title="bbox 464 1820 1215 1868">
     <span class='ocr_line' id='line_1_20' title="bbox 464 1820 1215 1868; baseline 0 -12"><span class='ocrx_word' id='word_1_161' title='bbox 464 1832 552 1867; x_wconf 82' lang='lat' dir='ltr'>pars</span> <span class='ocrx_word' id='word_1_162' title='bbox 565 1827 718 1857; x_wconf 57' lang='lat' dir='ltr'>vocatur</span> <span class='ocrx_word' id='word_1_163' title='bbox 738 1822 882 1868; x_wconf 62' lang='lat' dir='ltr'>species</span> <span class='ocrx_word' id='word_1_164' title='bbox 898 1821 1037 1857; x_wconf 87' lang='lat' dir='ltr'>reflexa</span> <span class='ocrx_word' id='word_1_165' title='bbox 1052 1820 1109 1856; x_wconf 89' lang='lat' dir='ltr'>vel</span> <span class='ocrx_word' id='word_1_166' title='bbox 1126 1832 1215 1857; x_wconf 88' lang='lat' dir='ltr'>con·</span> 
     </span>
    </p>

    <p class='ocr_par' dir='ltr' id='par_1_7' title="bbox 464 1878 1744 1984">
     <span class='ocr_line' id='line_1_21' title="bbox 464 1878 1744 1924; baseline -0.001 -9"><span class='ocrx_word' id='word_1_167' title='bbox 464 1889 580 1921; x_wconf 80' lang='lat' dir='ltr'>versa.</span> <span class='ocrx_word' id='word_1_168' title='bbox 590 1885 629 1915; x_wconf 91' lang='lat' dir='ltr'>et</span> <span class='ocrx_word' id='word_1_169' title='bbox 645 1886 771 1915; x_wconf 68' lang='lat' dir='ltr'>nmen</span> <span class='ocrx_word' id='word_1_170' title='bbox 788 1885 869 1915; x_wconf 89' lang='lat' dir='ltr'>tota</span> <span class='ocrx_word' id='word_1_171' title='bbox 886 1878 1143 1924; x_wconf 80' lang='lat' dir='ltr'>multiplicatio</span> <span class='ocrx_word' id='word_1_172' title='bbox 1158 1884 1312 1915; x_wconf 81' lang='lat' dir='ltr'>vocatur</span> <span class='ocrx_word' id='word_1_173' title='bbox 1328 1878 1468 1915; x_wconf 84' lang='lat' dir='ltr'>reflexa</span> <span class='ocrx_word' id='word_1_174' title='bbox 1483 1879 1540 1914; x_wconf 89' lang='lat' dir='ltr'>vel</span> <span class='ocrx_word' id='word_1_175' title='bbox 1557 1889 1744 1922; x_wconf 72' lang='lat' dir='ltr'>conversa,</span> 
     </span>
     <span class='ocr_line' id='line_1_22' title="bbox 464 1937 1032 1984; baseline -0.004 -11"><span class='ocrx_word' id='word_1_176' title='bbox 464 1942 504 1973; x_wconf 92' lang='lat' dir='ltr'>et</span> <span class='ocrx_word' id='word_1_177' title='bbox 520 1937 782 1973; x_wconf 85' lang='lat' dir='ltr'>denominatur</span> <span class='ocrx_word' id='word_1_178' title='bbox 798 1948 885 1984; x_wconf 85' lang='lat' dir='ltr'>pars</span> <span class='ocrx_word' id='word_1_179' title='bbox 901 1948 924 1972; x_wconf 93' lang='lat' dir='ltr'>e</span> <span class='ocrx_word' id='word_1_180' title='bbox 939 1942 1032 1972; x_wconf 90' lang='lat' dir='ltr'>toto.</span> 
     </span>
    </p>

    <p class='ocr_par' dir='ltr' id='par_1_8' title="bbox 461 1993 1930 2618">
     <span class='ocr_line' id='line_1_23' title="bbox 515 1993 1906 2041; baseline 0 -11"><span class='ocrx_word' id='word_1_181' title='bbox 515 1993 658 2041; x_wconf 83' lang='lat' dir='ltr'>Quarta</span> <span class='ocrx_word' id='word_1_182' title='bbox 669 1995 764 2030; x_wconf 63' lang='lat' dir='ltr'>linea</span> <span class='ocrx_word' id='word_1_183' title='bbox 773 2001 829 2030; x_wconf 90' lang='lat' dir='ltr'>est</span> <span class='ocrx_word' id='word_1_184' title='bbox 842 2000 1009 2030; x_wconf 83' lang='lat' dir='ltr'>tortuosa</span> <span class='ocrx_word' id='word_1_185' title='bbox 1020 2005 1131 2041; x_wconf 86' lang='lat' dir='ltr'>super</span> <span class='ocrx_word' id='word_1_186' title='bbox 1142 2005 1254 2040; x_wconf 88' lang='lat' dir='ltr'>quam</span> <span class='ocrx_word' id='word_1_187' title='bbox 1265 1994 1368 2029; x_wconf 84' lang='lat' dir='ltr'>venit</span> <span class='ocrx_word' id='word_1_188' title='bbox 1380 1994 1521 2041; x_wconf 83' lang='lat' dir='ltr'>species</span> <span class='ocrx_word' id='word_1_189' title='bbox 1533 1993 1743 2040; x_wconf 83' lang='lat' dir='ltr'>aliquando.</span> <span class='ocrx_word' id='word_1_190' title='bbox 1758 2011 1784 2037; x_wconf 82' lang='lat'>4·</span> <span class='ocrx_word' id='word_1_191' title='bbox 1803 2002 1836 2030; x_wconf 77' lang='lat' dir='ltr'>In</span> <span class='ocrx_word' id='word_1_192' title='bbox 1849 2003 1906 2030; x_wconf 73' lang='lat' dir='ltr'>nui-</span> 
     </span>
     <span class='ocr_line' id='line_1_24' title="bbox 465 2039 1930 2111; baseline -0.001 -23"><span class='ocrx_word' id='word_1_193' title='bbox 465 2057 504 2089; x_wconf 88' lang='lat' dir='ltr'>et</span> <span class='ocrx_word' id='word_1_194' title='bbox 532 2053 605 2088; x_wconf 83' lang='lat' dir='ltr'>hoc</span> <span class='ocrx_word' id='word_1_195' title='bbox 638 2064 712 2088; x_wconf 88' lang='lat' dir='ltr'>non</span> <span class='ocrx_word' id='word_1_196' title='bbox 741 2058 799 2088; x_wconf 53' lang='grc' dir='ltr'>δὲ</span> <span class='ocrx_word' id='word_1_197' title='bbox 824 2053 860 2087; x_wconf 88' lang='lat' dir='ltr'>in</span> <span class='ocrx_word' id='word_1_198' title='bbox 892 2052 1015 2088; x_wconf 89' lang='lat' dir='ltr'>medio</span> <span class='ocrx_word' id='word_1_199' title='bbox 1040 2053 1254 2088; x_wconf 90' lang='lat' dir='ltr'>inanimato.</span> <span class='ocrx_word' id='word_1_200' title='bbox 1305 2052 1541 2099; x_wconf 79' lang='lat' dir='ltr'>Impossibile</span> <span class='ocrx_word' id='word_1_201' title='bbox 1563 2053 1661 2087; x_wconf 90' lang='lat' dir='ltr'>enim</span> <span class='ocrx_word' id='word_1_202' title='bbox 1686 2057 1743 2088; x_wconf 89' lang='lat' dir='ltr'>est</span> <span class='ocrx_word' id='word_1_203' title='bbox 1758 2039 1930 2111; x_wconf 40' lang='lat'>3:55¹*</span> 
     </span>
     <span class='ocr_line' id='line_1_25' title="bbox 464 2110 1902 2157; baseline -0.001 -11"><span class='ocrx_word' id='word_1_204' title='bbox 464 2110 566 2156; x_wconf 85' lang='lat' dir='ltr'>quod</span> <span class='ocrx_word' id='word_1_205' title='bbox 590 2121 705 2157; x_wconf 86' lang='lat' dir='ltr'>agens</span> <span class='ocrx_word' id='word_1_206' title='bbox 725 2111 762 2146; x_wconf 89' lang='lat' dir='ltr'>in</span> <span class='ocrx_word' id='word_1_207' title='bbox 788 2110 952 2146; x_wconf 89' lang='lat' dir='ltr'>medium</span> <span class='ocrx_word' id='word_1_208' title='bbox 977 2110 1218 2146; x_wconf 87' lang='lat' dir='ltr'>inanimatum</span> <span class='ocrx_word' id='word_1_209' title='bbox 1243 2110 1354 2146; x_wconf 78' lang='lat' dir='ltr'>saciat</span> <span class='ocrx_word' id='word_1_210' title='bbox 1370 2110 1531 2156; x_wconf 86' lang='lat' dir='ltr'>speciem</span> <span class='ocrx_word' id='word_1_211' title='bbox 1555 2115 1743 2150; x_wconf 72' lang='lat' dir='ltr'>tortuose:</span> <span class='ocrx_word' id='word_1_212' title='bbox 1758 2121 1822 2148; x_wconf 78' lang='lat' dir='ltr'>my</span> <span class='ocrx_word' id='word_1_213' title='bbox 1837 2120 1902 2148; x_wconf 70' lang='lat' dir='ltr'>pm</span> 
     </span>
     <span class='ocr_line' id='line_1_26' title="bbox 464 2148 1913 2220; baseline -0.001 -16"><span class='ocrx_word' id='word_1_214' title='bbox 464 2169 533 2204; x_wconf 75' lang='lat' dir='ltr'>aed</span> <span class='ocrx_word' id='word_1_215' title='bbox 550 2175 657 2211; x_wconf 83' lang='lat' dir='ltr'>recte,</span> <span class='ocrx_word' id='word_1_216' title='bbox 677 2174 717 2203; x_wconf 89' lang='lat' dir='ltr'>ut</span> <span class='ocrx_word' id='word_1_217' title='bbox 740 2168 841 2214; x_wconf 88' lang='lat' dir='ltr'>prius</span> <span class='ocrx_word' id='word_1_218' title='bbox 862 2174 1051 2204; x_wconf 86' lang='lat' dir='ltr'>ostensum</span> <span class='ocrx_word' id='word_1_219' title='bbox 1071 2173 1138 2203; x_wconf 65' lang='lat' dir='ltr'>eet.</span> <span class='ocrx_word' id='word_1_220' title='bbox 1188 2167 1264 2203; x_wconf 87' lang='lat' dir='ltr'>Sed</span> <span class='ocrx_word' id='word_1_221' title='bbox 1285 2168 1322 2203; x_wconf 91' lang='lat' dir='ltr'>in</span> <span class='ocrx_word' id='word_1_222' title='bbox 1345 2168 1469 2203; x_wconf 89' lang='lat' dir='ltr'>medio</span> <span class='ocrx_word' id='word_1_223' title='bbox 1490 2168 1656 2203; x_wconf 89' lang='lat' dir='ltr'>animato</span> <span class='ocrx_word' id='word_1_224' title='bbox 1679 2148 1913 2220; x_wconf 45' lang='lat' dir='ltr'>perfflffff’</span> 
     </span>
     <span class='ocr_line' id='line_1_27' title="bbox 463 2225 1849 2271; baseline -0.001 -10"><span class='ocrx_word' id='word_1_225' title='bbox 463 2225 638 2261; x_wconf 82' lang='lat' dir='ltr'>virtutem</span> <span class='ocrx_word' id='word_1_226' title='bbox 655 2226 800 2261; x_wconf 87' lang='lat' dir='ltr'>animae</span> <span class='ocrx_word' id='word_1_227' title='bbox 816 2226 985 2271; x_wconf 83' lang='lat' dir='ltr'>dirigitur</span> <span class='ocrx_word' id='word_1_228' title='bbox 997 2226 1138 2271; x_wconf 85' lang='lat' dir='ltr'>species</span> <span class='ocrx_word' id='word_1_229' title='bbox 1153 2225 1356 2261; x_wconf 78' lang='lat' dir='ltr'>secundum</span> <span class='ocrx_word' id='word_1_230' title='bbox 1369 2225 1596 2270; x_wconf 85' lang='lat' dir='ltr'>exigentiam</span> <span class='ocrx_word' id='word_1_231' title='bbox 1613 2235 1742 2271; x_wconf 87' lang='lat' dir='ltr'>opera—</span> <span class='ocrx_word' id='word_1_232' title='bbox 1757 2229 1849 2248; x_wconf 52' lang='lat'>¹¹⁸¹*-</span> 
     </span>
     <span class='ocr_line' id='line_1_28' title="bbox 466 2282 1744 2330; baseline -0.001 -12"><span class='ocrx_word' id='word_1_233' title='bbox 466 2282 608 2319; x_wconf 87' lang='lat' dir='ltr'>tionum</span> <span class='ocrx_word' id='word_1_234' title='bbox 624 2284 780 2325; x_wconf 89' lang='lat' dir='ltr'>animae,</span> <span class='ocrx_word' id='word_1_235' title='bbox 798 2289 836 2318; x_wconf 90' lang='lat' dir='ltr'>et</span> <span class='ocrx_word' id='word_1_236' title='bbox 855 2284 943 2330; x_wconf 90' lang='lat' dir='ltr'>quia</span> <span class='ocrx_word' id='word_1_237' title='bbox 964 2283 1197 2329; x_wconf 83' lang='lat' dir='ltr'>operationes</span> <span class='ocrx_word' id='word_1_238' title='bbox 1213 2284 1358 2318; x_wconf 89' lang='lat' dir='ltr'>animae</span> <span class='ocrx_word' id='word_1_239' title='bbox 1374 2284 1471 2319; x_wconf 87' lang='lat' dir='ltr'>circa</span> <span class='ocrx_word' id='word_1_240' title='bbox 1490 2283 1632 2329; x_wconf 88' lang='lat' dir='ltr'>species</span> <span class='ocrx_word' id='word_1_241' title='bbox 1649 2282 1744 2317; x_wconf 80' lang='lat' dir='ltr'>fiunt</span> 
     </span>
     <span class='ocr_line' id='line_1_29' title="bbox 466 2340 1744 2387; baseline -0.001 -11"><span class='ocrx_word' id='word_1_242' title='bbox 466 2340 503 2376; x_wconf 90' lang='lat' dir='ltr'>in</span> <span class='ocrx_word' id='word_1_243' title='bbox 520 2341 640 2377; x_wconf 85' lang='lat' dir='ltr'>nervis</span> <span class='ocrx_word' id='word_1_244' title='bbox 652 2341 837 2384; x_wconf 82' lang='lat' dir='ltr'>tortuosis,</span> <span class='ocrx_word' id='word_1_245' title='bbox 854 2342 1017 2387; x_wconf 83' lang='lat' dir='ltr'>sequitur</span> <span class='ocrx_word' id='word_1_246' title='bbox 1029 2341 1170 2387; x_wconf 87' lang='lat' dir='ltr'>species</span> <span class='ocrx_word' id='word_1_247' title='bbox 1188 2341 1459 2376; x_wconf 86' lang='lat' dir='ltr'>tortuositatem</span> <span class='ocrx_word' id='word_1_248' title='bbox 1477 2341 1580 2375; x_wconf 83' lang='lat' dir='ltr'>nervi</span> <span class='ocrx_word' id='word_1_249' title='bbox 1594 2345 1744 2387; x_wconf 87' lang='lat' dir='ltr'>propter</span> 
     </span>
     <span class='ocr_line' id='line_1_30' title="bbox 465 2397 1742 2444; baseline -0.001 -10"><span class='ocrx_word' id='word_1_250' title='bbox 465 2399 719 2434; x_wconf 85' lang='lat' dir='ltr'>necessitatem</span> <span class='ocrx_word' id='word_1_251' title='bbox 744 2399 999 2444; x_wconf 83' lang='lat' dir='ltr'>operationum</span> <span class='ocrx_word' id='word_1_252' title='bbox 1025 2399 1194 2441; x_wconf 83' lang='lat' dir='ltr'>animae;</span> <span class='ocrx_word' id='word_1_253' title='bbox 1222 2398 1320 2433; x_wconf 88' lang='lat' dir='ltr'>unde</span> <span class='ocrx_word' id='word_1_254' title='bbox 1344 2398 1484 2444; x_wconf 63' lang='lat' dir='ltr'>species</span> <span class='ocrx_word' id='word_1_255' title='bbox 1509 2397 1742 2443; x_wconf 84' lang='lat' dir='ltr'>tangibilium</span> 
     </span>
     <span class='ocr_line' id='line_1_31' title="bbox 464 2455 1744 2503; baseline -0.002 -10"><span class='ocrx_word' id='word_1_256' title='bbox 464 2462 614 2493; x_wconf 84' lang='lat' dir='ltr'>currunt</span> <span class='ocrx_word' id='word_1_257' title='bbox 640 2468 706 2503; x_wconf 88' lang='lat' dir='ltr'>per</span> <span class='ocrx_word' id='word_1_258' title='bbox 729 2456 791 2492; x_wconf 86' lang='lat' dir='ltr'>fila</span> <span class='ocrx_word' id='word_1_259' title='bbox 813 2467 1004 2492; x_wconf 88' lang='lat' dir='ltr'>nervorum</span> <span class='ocrx_word' id='word_1_260' title='bbox 1027 2462 1195 2492; x_wconf 59' lang='lat' dir='ltr'>tortuoae</span> <span class='ocrx_word' id='word_1_261' title='bbox 1216 2455 1264 2490; x_wconf 88' lang='lat' dir='ltr'>ab</span> <span class='ocrx_word' id='word_1_262' title='bbox 1287 2456 1366 2502; x_wconf 87' lang='lat' dir='ltr'>ipsa</span> <span class='ocrx_word' id='word_1_263' title='bbox 1387 2461 1473 2491; x_wconf 90' lang='lat' dir='ltr'>cute</span> <span class='ocrx_word' id='word_1_264' title='bbox 1495 2456 1656 2502; x_wconf 88' lang='lat' dir='ltr'>corporis</span> <span class='ocrx_word' id='word_1_265' title='bbox 1677 2466 1744 2501; x_wconf 91' lang='lat' dir='ltr'>per</span> 
     </span>
     <span class='ocr_line' id='line_1_32' title="bbox 464 2513 1743 2561; baseline -0.001 -12"><span class='ocrx_word' id='word_1_266' title='bbox 464 2513 544 2550; x_wconf 82' lang='lat' dir='ltr'>vias</span> <span class='ocrx_word' id='word_1_267' title='bbox 565 2513 749 2550; x_wconf 79' lang='lat' dir='ltr'>flexuosas</span> <span class='ocrx_word' id='word_1_268' title='bbox 772 2526 888 2561; x_wconf 88' lang='lat' dir='ltr'>usque</span> <span class='ocrx_word' id='word_1_269' title='bbox 909 2514 957 2550; x_wconf 87' lang='lat' dir='ltr'>ad</span> <span class='ocrx_word' id='word_1_270' title='bbox 983 2515 1267 2550; x_wconf 87' lang='lat' dir='ltr'>instrumentum</span> <span class='ocrx_word' id='word_1_271' title='bbox 1290 2518 1422 2554; x_wconf 84' lang='lat' dir='ltr'>tactus,</span> <span class='ocrx_word' id='word_1_272' title='bbox 1439 2513 1540 2559; x_wconf 91' lang='lat' dir='ltr'>quod</span> <span class='ocrx_word' id='word_1_273' title='bbox 1560 2513 1743 2549; x_wconf 82' lang='lat' dir='ltr'>radicatur</span> 
     </span>
     <span class='ocr_line' id='line_1_33' title="bbox 461 2564 1743 2618; baseline -0.001 -12"><span class='ocrx_word' id='word_1_274' title='bbox 461 2571 573 2617; x_wconf 88' lang='lat' dir='ltr'>juxta</span> <span class='ocrx_word' id='word_1_275' title='bbox 593 2583 656 2608; x_wconf 89' lang='lat' dir='ltr'>cor</span> <span class='ocrx_word' id='word_1_276' title='bbox 666 2571 688 2606; x_wconf 90' lang='lat'>¹.</span> <span class='ocrx_word' id='word_1_277' title='bbox 741 2572 791 2606; x_wconf 85' lang='lat' dir='ltr'>Et</span> <span class='ocrx_word' id='word_1_278' title='bbox 807 2572 976 2608; x_wconf 83' lang='lat' dir='ltr'>similiter</span> <span class='ocrx_word' id='word_1_279' title='bbox 992 2576 1047 2607; x_wconf 63' lang='lat' dir='ltr'>est</span> <span class='ocrx_word' id='word_1_280' title='bbox 1064 2572 1112 2607; x_wconf 91' lang='lat' dir='ltr'>de</span> <span class='ocrx_word' id='word_1_281' title='bbox 1133 2571 1256 2618; x_wconf 90' lang='lat' dir='ltr'>specie</span> <span class='ocrx_word' id='word_1_282' title='bbox 1271 2577 1413 2616; x_wconf 84' lang='lat' dir='ltr'>gustus,</span> <span class='ocrx_word' id='word_1_283' title='bbox 1428 2582 1524 2616; x_wconf 87' lang='lat' dir='ltr'>quae</span> <span class='ocrx_word' id='word_1_284' title='bbox 1545 2564 1657 2606; x_wconf 85' lang='lat' dir='ltr'>currit</span> <span class='ocrx_word' id='word_1_285' title='bbox 1679 2581 1743 2616; x_wconf 89' lang='lat' dir='ltr'>per</span> 
     </span>
    </p>
   </div>
   <div class='ocr_carea' id='block_1_5' title="bbox 463 2635 1747 2978">
    <p class='ocr_par' dir='ltr' id='par_1_9' title="bbox 463 2635 1747 2978">
     <span class='ocr_line' id='line_1_34' title="bbox 501 2635 1741 2671; baseline -0.002 -7"><span class='ocrx_word' id='word_1_286' title='bbox 501 2635 511 2652; x_wconf 87' lang='lat'><strong>¹</strong></span> <span class='ocrx_word' id='word_1_287' title='bbox 531 2637 615 2664; x_wconf 65' lang='lat' dir='ltr'>P‘rom</span> <span class='ocrx_word' id='word_1_288' title='bbox 634 2638 684 2665; x_wconf 80' lang='lat' dir='ltr'>the</span> <span class='ocrx_word' id='word_1_289' title='bbox 705 2638 866 2665; x_wconf 56' lang='lat' dir='ltr'>discussion</span> <span class='ocrx_word' id='word_1_290' title='bbox 886 2642 916 2665; x_wconf 85' lang='lat' dir='ltr'>at</span> <span class='ocrx_word' id='word_1_291' title='bbox 932 2638 982 2665; x_wconf 81' lang='lat' dir='ltr'>the</span> <span class='ocrx_word' id='word_1_292' title='bbox 1000 2637 1159 2671; x_wconf 71' lang='lat' dir='ltr'>beginning</span> <span class='ocrx_word' id='word_1_293' title='bbox 1176 2636 1209 2664; x_wconf 73' lang='lat' dir='ltr'>os</span> <span class='ocrx_word' id='word_1_294' title='bbox 1221 2635 1394 2671; x_wconf 63' lang='lat' dir='ltr'>Perspmiu</span> <span class='ocrx_word' id='word_1_295' title='bbox 1411 2638 1472 2671; x_wconf 61' lang='grc' dir='ltr'><strong>(ΡΡ.</strong></span> <span class='ocrx_word' id='word_1_296' title='bbox 1492 2644 1556 2670; x_wconf 82' lang='grc'><strong>4-5,</strong></span> <span class='ocrx_word' id='word_1_297' title='bbox 1575 2637 1632 2664; x_wconf 85' lang='lat' dir='ltr'>and</span> <span class='ocrx_word' id='word_1_298' title='bbox 1651 2644 1679 2671; x_wconf 82' lang='lat' dir='ltr'>p.</span> <span class='ocrx_word' id='word_1_299' title='bbox 1698 2636 1741 2671; x_wconf 81' lang='grc'>9),</span> 
     </span>
     <span class='ocr_line' id='line_1_35' title="bbox 464 2679 1740 2715; baseline -0.001 -7"><span class='ocrx_word' id='word_1_300' title='bbox 464 2681 488 2708; x_wconf 69' lang='lat' dir='ltr'>it</span> <span class='ocrx_word' id='word_1_301' title='bbox 498 2681 595 2708; x_wconf 73' lang='lat' dir='ltr'>would</span> <span class='ocrx_word' id='word_1_302' title='bbox 607 2689 686 2709; x_wconf 78' lang='lat' dir='ltr'>seem</span> <span class='ocrx_word' id='word_1_303' title='bbox 698 2682 761 2709; x_wconf 84' lang='lat' dir='ltr'>that</span> <span class='ocrx_word' id='word_1_304' title='bbox 774 2682 872 2709; x_wconf 82' lang='lat' dir='ltr'>Bacon</span> <span class='ocrx_word' id='word_1_305' title='bbox 883 2681 1024 2715; x_wconf 70' lang='lat' dir='ltr'>regarded</span> <span class='ocrx_word' id='word_1_306' title='bbox 1036 2680 1086 2708; x_wconf 81' lang='lat' dir='ltr'>the</span> <span class='ocrx_word' id='word_1_307' title='bbox 1098 2680 1179 2708; x_wconf 76' lang='lat' dir='ltr'>hrain</span> <span class='ocrx_word' id='word_1_308' title='bbox 1187 2688 1219 2707; x_wconf 83' lang='lat' dir='ltr'>as</span> <span class='ocrx_word' id='word_1_309' title='bbox 1233 2679 1281 2707; x_wconf 77' lang='lat' dir='ltr'>the</span> <span class='ocrx_word' id='word_1_310' title='bbox 1294 2680 1450 2706; x_wconf 67' lang='lat' dir='ltr'>:amrium</span> <span class='ocrx_word' id='word_1_311' title='bbox 1459 2688 1616 2708; x_wconf 64' lang='lat' dir='ltr'>mmmm.</span> <span class='ocrx_word' id='word_1_312' title='bbox 1649 2679 1740 2713; x_wconf 77' lang='lat' dir='ltr'>Here,</span> 
     </span>
     <span class='ocr_line' id='line_1_36' title="bbox 466 2723 1742 2761; baseline 0 -10"><span class='ocrx_word' id='word_1_313' title='bbox 466 2724 614 2756; x_wconf 70' lang='lat' dir='ltr'>however,</span> <span class='ocrx_word' id='word_1_314' title='bbox 623 2724 661 2751; x_wconf 74' lang='lat' dir='ltr'>lie</span> <span class='ocrx_word' id='word_1_315' title='bbox 670 2729 783 2761; x_wconf 68' lang='lat' dir='ltr'>rever-ts</span> <span class='ocrx_word' id='word_1_316' title='bbox 790 2728 822 2752; x_wconf 84' lang='lat' dir='ltr'>to</span> <span class='ocrx_word' id='word_1_317' title='bbox 833 2724 882 2752; x_wconf 81' lang='lat' dir='ltr'>the</span> <span class='ocrx_word' id='word_1_318' title='bbox 890 2724 1077 2752; x_wconf 69' lang='lat' dir='ltr'>Aristotelian</span> <span class='ocrx_word' id='word_1_319' title='bbox 1087 2724 1164 2752; x_wconf 80' lang='lat' dir='ltr'>view</span> <span class='ocrx_word' id='word_1_320' title='bbox 1173 2724 1245 2754; x_wconf 71' lang='lat' dir='ltr'>that,</span> <span class='ocrx_word' id='word_1_321' title='bbox 1258 2727 1287 2750; x_wconf 83' lang='lat' dir='ltr'>at</span> <span class='ocrx_word' id='word_1_322' title='bbox 1299 2723 1372 2750; x_wconf 80' lang='lat' dir='ltr'>least</span> <span class='ocrx_word' id='word_1_323' title='bbox 1384 2723 1430 2750; x_wconf 75' lang='lat' dir='ltr'>sor</span> <span class='ocrx_word' id='word_1_324' title='bbox 1441 2724 1491 2751; x_wconf 72' lang='lat' dir='ltr'>the</span> <span class='ocrx_word' id='word_1_325' title='bbox 1503 2732 1606 2751; x_wconf 67' lang='lat' dir='ltr'>sense·</span> <span class='ocrx_word' id='word_1_326' title='bbox 1612 2723 1647 2751; x_wconf 73' lang='lat' dir='ltr'>of</span> <span class='ocrx_word' id='word_1_327' title='bbox 1655 2723 1742 2751; x_wconf 72' lang='lat' dir='ltr'>touch</span> 
     </span>
     <span class='ocr_line' id='line_1_37' title="bbox 463 2766 1743 2802; baseline -0.001 -7"><span class='ocrx_word' id='word_1_328' title='bbox 463 2768 522 2795; x_wconf 83' lang='lat' dir='ltr'>and</span> <span class='ocrx_word' id='word_1_329' title='bbox 541 2772 625 2802; x_wconf 70' lang='lat' dir='ltr'>inste,</span> <span class='ocrx_word' id='word_1_330' title='bbox 639 2769 690 2795; x_wconf 79' lang='lat' dir='ltr'>the</span> <span class='ocrx_word' id='word_1_331' title='bbox 708 2769 791 2796; x_wconf 79' lang='lat' dir='ltr'>heart</span> <span class='ocrx_word' id='word_1_332' title='bbox 802 2776 866 2795; x_wconf 70' lang='lat' dir='ltr'>was</span> <span class='ocrx_word' id='word_1_333' title='bbox 884 2769 933 2795; x_wconf 79' lang='lat' dir='ltr'>the</span> <span class='ocrx_word' id='word_1_334' title='bbox 952 2772 1062 2795; x_wconf 82' lang='lat' dir='ltr'>oentte.</span> <span class='ocrx_word' id='word_1_335' title='bbox 1101 2766 1159 2794; x_wconf 85' lang='lat' dir='ltr'>See</span> <span class='ocrx_word' id='word_1_336' title='bbox 1179 2766 1229 2793; x_wconf 82' lang='lat' dir='ltr'>Dr.</span> <span class='ocrx_word' id='word_1_337' title='bbox 1244 2766 1343 2800; x_wconf 73' lang='lat' dir='ltr'>ogle&#39;s</span> <span class='ocrx_word' id='word_1_338' title='bbox 1359 2766 1489 2801; x_wconf 78' lang='lat' dir='ltr'>recently</span> <span class='ocrx_word' id='word_1_339' title='bbox 1501 2767 1651 2802; x_wconf 82' lang='lat' dir='ltr'>published</span> <span class='ocrx_word' id='word_1_340' title='bbox 1666 2775 1743 2794; x_wconf 82' lang='lat' dir='ltr'>com-</span> 
     </span>
     <span class='ocr_line' id='line_1_38' title="bbox 466 2809 1747 2846; baseline -0.002 -8"><span class='ocrx_word' id='word_1_341' title='bbox 466 2815 597 2845; x_wconf 75' lang='lat' dir='ltr'>mentary</span> <span class='ocrx_word' id='word_1_342' title='bbox 609 2820 648 2839; x_wconf 89' lang='lat' dir='ltr'>on</span> <span class='ocrx_word' id='word_1_343' title='bbox 666 2812 716 2839; x_wconf 83' lang='lat' dir='ltr'>the</span> <span class='ocrx_word' id='word_1_344' title='bbox 727 2811 916 2839; x_wconf 68' lang='lat' dir='ltr'>Aristotelian</span> <span class='ocrx_word' id='word_1_345' title='bbox 935 2811 1055 2839; x_wconf 75' lang='lat' dir='ltr'>treatise</span> <span class='ocrx_word' id='word_1_346' title='bbox 1078 2810 1167 2837; x_wconf 73' lang='lat' dir='ltr'>Youtl·</span> <span class='ocrx_word' id='word_1_347' title='bbox 1184 2809 1247 2836; x_wconf 66' lang='lat' dir='ltr'>aad</span> <span class='ocrx_word' id='word_1_348' title='bbox 1263 2809 1322 2836; x_wconf 78' lang='lat' dir='ltr'>Old</span> <span class='ocrx_word' id='word_1_349' title='bbox 1336 2810 1407 2846; x_wconf 71' lang='lat' dir='ltr'>Age,</span> <span class='ocrx_word' id='word_1_350' title='bbox 1422 2810 1485 2845; x_wconf 67' lang='lat' dir='ltr'>Lye</span> <span class='ocrx_word' id='word_1_351' title='bbox 1501 2810 1563 2837; x_wconf 72' lang='lat' dir='ltr'>and</span> <span class='ocrx_word' id='word_1_352' title='bbox 1571 2811 1670 2844; x_wconf 70' lang='lat' dir='ltr'><em>Daeeh,</em></span> <span class='ocrx_word' id='word_1_353' title='bbox 1685 2809 1747 2836; x_wconf 69' lang='lat' dir='ltr'>aad</span> 
     </span>
     <span class='ocr_line' id='line_1_39' title="bbox 464 2853 1746 2891; baseline -0.002 -9"><span class='ocrx_word' id='word_1_354' title='bbox 464 2854 651 2890; x_wconf 61' lang='lat' dir='ltr'>Rupit-eaba,</span> <span class='ocrx_word' id='word_1_355' title='bbox 672 2863 720 2891; x_wconf 85' lang='lat' dir='ltr'>pp.</span> <span class='ocrx_word' id='word_1_356' title='bbox 739 2863 806 2890; x_wconf 82' lang='lat'><strong>3-7,</strong></span> <span class='ocrx_word' id='word_1_357' title='bbox 825 2855 882 2882; x_wconf 84' lang='lat' dir='ltr'>and</span> <span class='ocrx_word' id='word_1_358' title='bbox 901 2863 950 2890; x_wconf 91' lang='lat' dir='ltr'>pp.</span> <span class='ocrx_word' id='word_1_359' title='bbox 966 2862 1110 2882; x_wconf 62' lang='grc' dir='ltr'>ιιι-κως</span> <span class='ocrx_word' id='word_1_360' title='bbox 1131 2853 1212 2880; x_wconf 79' lang='lat' dir='ltr'>‘The</span> <span class='ocrx_word' id='word_1_361' title='bbox 1231 2853 1301 2881; x_wconf 68' lang='lat' dir='ltr'>lieth</span> <span class='ocrx_word' id='word_1_362' title='bbox 1320 2854 1377 2881; x_wconf 86' lang='lat' dir='ltr'>and</span> <span class='ocrx_word' id='word_1_363' title='bbox 1395 2854 1446 2881; x_wconf 79' lang='lat' dir='ltr'>the</span> <span class='ocrx_word' id='word_1_364' title='bbox 1465 2857 1573 2888; x_wconf 71' lang='lat' dir='ltr'>tongue</span> <span class='ocrx_word' id='word_1_365' title='bbox 1591 2862 1670 2881; x_wconf 82' lang='lat' dir='ltr'>were</span> <span class='ocrx_word' id='word_1_366' title='bbox 1688 2853 1746 2888; x_wconf 78' lang='lat' dir='ltr'>(sor</span> 
     </span>
     <span class='ocr_line' id='line_1_40' title="bbox 464 2896 1746 2934; baseline -0.002 -9"><span class='ocrx_word' id='word_1_367' title='bbox 464 2896 618 2932; x_wconf 74' lang='lat' dir='ltr'>Ariatotle)</span> <span class='ocrx_word' id='word_1_368' title='bbox 632 2899 663 2925; x_wconf 82' lang='lat' dir='ltr'>in</span> <span class='ocrx_word' id='word_1_369' title='bbox 675 2907 718 2927; x_wconf 86' lang='lat' dir='ltr'>no</span> <span class='ocrx_word' id='word_1_370' title='bbox 736 2899 911 2934; x_wconf 76' lang='lat' dir='ltr'>connectipn</span> <span class='ocrx_word' id='word_1_371' title='bbox 930 2898 1078 2925; x_wconf 81' lang='lat' dir='ltr'>whatever</span> <span class='ocrx_word' id='word_1_372' title='bbox 1095 2896 1167 2925; x_wconf 75' lang='lat' dir='ltr'>with</span> <span class='ocrx_word' id='word_1_373' title='bbox 1186 2897 1237 2924; x_wconf 82' lang='lat' dir='ltr'>the</span> <span class='ocrx_word' id='word_1_374' title='bbox 1255 2897 1337 2924; x_wconf 77' lang='lat' dir='ltr'>hrain</span> <span class='ocrx_word' id='word_1_375' title='bbox 1355 2900 1473 2931; x_wconf 59' lang='lat' dir='ltr'>(nerva</span> <span class='ocrx_word' id='word_1_376' title='bbox 1491 2897 1525 2925; x_wconf 74' lang='lat' dir='ltr'>os</span> <span class='ocrx_word' id='word_1_377' title='bbox 1539 2906 1640 2925; x_wconf 68' lang='lat' dir='ltr'>course</span> <span class='ocrx_word' id='word_1_378' title='bbox 1658 2897 1746 2930; x_wconf 72' lang='lat' dir='ltr'>being</span> 
     </span>
     <span class='ocr_line' id='line_1_41' title="bbox 464 2940 1747 2978; baseline -0.002 -8"><span class='ocrx_word' id='word_1_379' title='bbox 464 2941 536 2970; x_wconf 68' lang='lat' dir='ltr'>then</span> <span class='ocrx_word' id='word_1_380' title='bbox 554 2942 776 2978; x_wconf 71' lang='lat' dir='ltr'>undiseovered)</span> <span class='ocrx_word' id='word_1_381' title='bbox 790 2942 847 2970; x_wconf 85' lang='lat' dir='ltr'>and</span> <span class='ocrx_word' id='word_1_382' title='bbox 859 2950 940 2970; x_wconf 81' lang='lat' dir='ltr'>were</span> <span class='ocrx_word' id='word_1_383' title='bbox 959 2941 1063 2969; x_wconf 80' lang='lat' dir='ltr'>indeed</span> <span class='ocrx_word' id='word_1_384' title='bbox 1083 2941 1151 2968; x_wconf 77' lang='lat' dir='ltr'>shut</span> <span class='ocrx_word' id='word_1_385' title='bbox 1169 2940 1214 2967; x_wconf 73' lang='lat' dir='ltr'>off</span> <span class='ocrx_word' id='word_1_386' title='bbox 1228 2940 1300 2967; x_wconf 76' lang='lat' dir='ltr'>from</span> <span class='ocrx_word' id='word_1_387' title='bbox 1318 2941 1340 2968; x_wconf 82' lang='lat' dir='ltr'>it</span> <span class='ocrx_word' id='word_1_388' title='bbox 1357 2941 1531 2976; x_wconf 72' lang='lat' dir='ltr'>completely</span> <span class='ocrx_word' id='word_1_389' title='bbox 1548 2941 1587 2976; x_wconf 79' lang='lat' dir='ltr'>by</span> <span class='ocrx_word' id='word_1_390' title='bbox 1599 2941 1648 2969; x_wconf 78' lang='lat' dir='ltr'>the</span> <span class='ocrx_word' id='word_1_391' title='bbox 1666 2940 1747 2974; x_wconf 76' lang='lat' dir='ltr'>bony</span> 
     </span>
    </p>
   </div>
  </div>
 </body>
</html>
