2350 3580
830 720 958 753 PARS
988 719 1187 753 TERTIA.-
1226 719 1325 752 CAP.
1355 720 1420 751 ΙΙΙ.
1688 725 1756 760 513

482 818 598 852 quare
633 821 704 845 una
735 821 793 846 ree
826 810 995 846 videatur
1029 821 1111 852 una.
1143 821 1227 845 cum
1261 816 1386 845 tamen
1417 809 1464 844 ad
1497 809 1591 844 duos
1629 806 1888 853 oculosnndAl-

484 866 634 902 veniunt
659 868 755 903 duae
777 869 919 913 species
942 868 1117 903 dii-eme.
1136 868 1227 903 dicit
1250 867 1352 912 quod
1376 866 1474 901 duae
1497 866 1638 912 species
1659 876 1757 910 quae
1769 849 1943 913 ffmza.

484 924 636 960 veniunt
653 925 700 960 ad
722 926 817 961 duos
839 925 967 960 oculos
986 931 1176 960 tianseunt
1196 925 1246 960 ad
1270 935 1421 959 nervum
1446 934 1691 964 communem,
1708 923 1757 958 ad

485 990 596 1025 quern
624 983 883 1018 continuantur
909 983 1015 1026 oculi,
1043 988 1082 1017 et
1110 983 1329 1027 supponitur
1360 992 1432 1016 una
1459 982 1520 1016 alii
1549 992 1598 1016 ex
1626 982 1757 1016 eadem

488 1044 591 1082 parte
614 1039 709 1075 illius
733 1041 832 1076 nervi
857 1041 1073 1083 communis,
1088 1046 1125 1074 et
1151 1039 1192 1076 fit
1212 1051 1285 1075 una
1304 1039 1420 1074 forma
1439 1051 1488 1074 ex
1512 1039 1586 1081 eis3
1611 1045 1649 1073 et
1672 1038 1758 1073 ideo

485 1096 600 1132 virtus
618 1098 801 1140 sensitiva,
816 1109 912 1143 quae
933 1104 990 1133 eet
1009 1098 1046 1132 in
1065 1098 1129 1132 illo
1151 1109 1274 1135 nervo,
1288 1097 1429 1143 judimt
1445 1098 1494 1132 de
1511 1108 1549 1132 re
1566 1107 1640 1131 una
1656 1096 1757 1141 quod

486 1153 533 1188 sit
550 1164 634 1197 una,
654 1162 805 1201 propter
820 1167 932 1190 unam
949 1154 1103 1190 sormam
1118 1166 1232 1201 quam
1247 1154 1371 1190 habet.
1405 1155 1468 1190 Ex
1484 1166 1558 1200 qua
1577 1154 1758 1189 sententia

488 1211 718 1248 manifestum
735 1219 802 1253 est,
819 1214 919 1258 quod
940 1213 1081 1258 species
1098 1213 1295 1248 miscentur
1315 1213 1363 1248 ad
1382 1213 1547 1255 invicem,
1564 1217 1602 1247 et
1622 1211 1665 1246 fit
1684 1222 1758 1245 una

488 1279 537 1302 ex
561 1268 644 1304 illis.
695 1270 890 1306 Plenitudo
917 1282 1005 1305 vero
1032 1270 1237 1315 sapientiae
1268 1270 1424 1305 istorum
1452 1270 1608 1305 duorum
1640 1268 1758 1313 philo-

487 1327 686 1372 sophorum
715 1329 753 1363 in
783 1328 883 1364 libris
912 1328 1125 1363 manifestat
1157 1328 1256 1373 quod
1290 1327 1431 1363 nullum
1460 1325 1593 1362 salsum
1622 1326 1758 1361 dicunt.

490 1383 540 1418 Et
560 1384 643 1420 ideo
667 1386 736 1431 ipsi
761 1387 799 1421 in
821 1385 922 1421 libris
947 1385 1179 1431 Aspectuum
1198 1392 1284 1421 sunt
1299 1387 1348 1421 de
1372 1385 1442 1420 illis
1461 1385 1673 1420 auctoribus
1694 1383 1758 1427 qui

488 1441 525 1476 in
553 1444 723 1479 omnibus
751 1450 835 1479 sunt
865 1444 1073 1489 recipiendi,
1096 1444 1191 1478 sicut
1218 1443 1376 1479 habetur
1403 1443 1440 1477 in
1471 1442 1626 1488 prologo
1655 1441 1759 1476 istius

488 1500 619 1544 operis,
658 1502 746 1546 quia
789 1501 915 1536 florem
958 1501 1214 1547 philosophiae
1254 1501 1442 1546 explicant
1481 1500 1561 1535 sine
1601 1498 1761 1534 salsitate

487 1557 661 1601 qualibet.

538 1614 612 1650 Sed
643 1616 725 1651 licet
753 1616 845 1652 haec
873 1627 958 1662 pars
981 1616 1030 1651 sit
1061 1616 1212 1651 omnino
1236 1627 1334 1655 vera,
1357 1621 1482 1651 tamen
1510 1615 1624 1650 habet
1651 1614 1761 1648 valde
1775 1614 1919 1642 Thediffi-

491 1672 699 1717 probabiles
725 1675 1032 1709 contradictiones
1065 1685 1131 1719 per
1164 1673 1402 1708 auctoritates
1435 1672 1631 1708 multorum
1666 1670 1762 1706 male
1775 1650 1947 1723 gangim

489 1729 701 1766 intellectas.
753 1732 803 1767 Et
821 1737 974 1778 propter
988 1732 1201 1767 distinctam
1223 1732 1321 1766 visus
1337 1731 1595 1777 cognitionem,
1612 1736 1763 1775 propter
1775 1723 1927 1787 ἓξὲξ·

489 1798 600 1833 quam
624 1788 756 1835 vulgus
780 1790 1007 1824 studentium
1032 1789 1204 1823 aestimat
1229 1789 1330 1833 quod
1358 1788 1499 1834 species
1526 1798 1655 1823 omnes
1677 1791 1762 1822 sunt
1776 1797 1896 1838 distinet·

490 1844 682 1882 distinctae
709 1847 746 1881 in
774 1847 873 1882 omni
903 1852 1006 1892 parte
1036 1846 1161 1889 medii,
1190 1851 1227 1880 et
1259 1847 1359 1892 quod
1386 1845 1494 1880 aliter
1520 1844 1654 1880 salvari
1687 1854 1761 1878 non
1777 1837 1936 1896 ξῖῗξιῗω

491 1909 613 1948 potest
641 1905 815 1939 distincta
843 1905 943 1939 visus
973 1904 1147 1949 cognitio,
1176 1911 1327 1949 propter
1357 1904 1458 1948 quod
1487 1903 1618 1948 vulgus
1646 1901 1758 1936 trahit
1777 1913 1839 1933 one.

489 1961 724 1996 auctoritates
749 1960 946 1996 multorum
971 1967 1008 1996 et
1036 1972 1253 2007 magnorum
1277 1961 1325 1996 ad
1351 1972 1456 1995 suam
1481 1965 1635 2006 partem.
1686 1958 1762 1994 Sed

490 2017 563 2053 hoc
586 2030 658 2054 non
683 2025 842 2065 oportet,
863 2019 948 2065 quia
973 2025 1011 2054 et
1037 2024 1190 2064 possunt
1212 2018 1343 2054 salvari
1368 2018 1605 2054 auctoritates
1629 2022 1667 2052 et
1692 2017 1763 2051 dis-

491 2076 607 2111 tincta
640 2077 740 2112 visus
770 2077 945 2123 cognitio,
977 2076 1060 2111 lieet
1097 2076 1133 2111 in
1173 2076 1296 2111 medio
1334 2075 1399 2111 fiat
1438 2086 1524 2110 vera
1559 2074 1763 2120 specierum

493 2133 626 2168 mixtio
643 2145 769 2169 earum
791 2145 889 2180 quae
908 2140 1016 2169 natae
1038 2139 1124 2169 sunt
1144 2134 1248 2169 visui.
1299 2134 1349 2169 Et
1375 2134 1459 2169 ideo
1482 2138 1632 2178 propter
1656 2131 1765 2176 hujus

492 2190 735 2235 ignorantiam
765 2191 900 2227 clamat
929 2189 1062 2236 vulgus
1086 2191 1123 2225 in
1152 2191 1388 2232 contrarium,
1409 2196 1446 2225 et
1471 2190 1640 2225 doctores
1664 2188 1763 2234 vulgi

492 2247 669 2291 similiter,
696 2248 870 2285 solatium
900 2260 988 2284 suae
1017 2249 1224 2294 imperitiae
1248 2255 1467 2294 quaerentes
1493 2246 1762 2283 manifestando

494 2316 560 2351 per
578 2305 675 2341 hunc
692 2307 853 2342 modum.

544 2362 638 2398 Dico
669 2363 791 2410 igitur,
822 2365 924 2409 quod
958 2363 1045 2398 licet
1076 2363 1216 2410 species
1253 2363 1328 2398 albi
1367 2369 1405 2398 et
1444 2363 1539 2408 nigri
1578 2362 1764 2397 venientes
1780 2366 1842 2393 The
1864 2401 1871 2407 ·

493 2431 517 2455 a
544 2420 696 2455 diversis
724 2421 919 2468 agentibus
947 2420 1161 2457 naturaliter
1193 2422 1415 2456 misceantur
1442 2421 1479 2455 in
1507 2426 1612 2466 parte
1645 2417 1767 2459 medii,
1780 2410 1924 2474 {233⁰}

493 2483 532 2513 et
548 2478 698 2514 veniant
712 2479 851 2525 speci&
869 2479 1010 2514 mixtae
1026 2479 1074 2514 ad
1092 2478 1282 2524 pupillam,
1294 2486 1418 2513 tamen
1434 2490 1457 2513 a
1473 2477 1556 2513 loco
1575 2475 1766 2511 mixtionis
1780 2482 1893 2539 m

496 2535 615 2580 primo
639 2536 675 2570 in
706 2537 828 2571 medio
852 2547 925 2571 una
951 2536 1094 2572 illarum
1124 2536 1244 2572 veniet
1273 2536 1321 2571 ab
1348 2537 1427 2581 ipsa
1455 2547 1494 2570 re
1517 2539 1662 2570 sensata
1687 2544 1767 2579 per·
1781 2518 1952 2574 amsa„

495 2592 777 2639 pendiculariter
800 2605 910 2639 super
935 2593 1083 2629 oculum
1108 2600 1145 2629 et
1172 2593 1360 2639 pupillam,
1384 2599 1422 2628 et
1446 2593 1540 2628 aliae
1565 2592 1766 2627 secundum
1780 2581 1952 2655 ffi'sth

495 2649 628 2685 line-un
640 2651 901 2686 accidentalem
914 2665 924 2693 ς
950 2661 1017 2687 nec
1033 2663 1056 2686 a
1074 2662 1112 2686 re
1124 2657 1269 2686 sensata
1285 2651 1406 2685 veniet
1419 2649 1768 2697 perpendiculariter
1781 2649 1952 2692 apl-insit.

494 2708 544 2742 ad
572 2707 703 2751 visum,
731 2709 796 2744 sed
826 2708 945 2743 solum
975 2719 998 2742 a
1026 2708 1109 2744 loco
1143 2708 1344 2751 mixtionis,
1373 2713 1410 2742 et
1443 2708 1526 2743 ideo
1562 2716 1634 2741 una
1666 2705 1768 2741 venit

496 2764 602 2800 sortis
630 2771 667 2800 et
692 2765 852 2805 occultat
882 2765 1003 2807 aliam,
1027 2767 1121 2801 sicut
1150 2764 1268 2810 major
1296 2764 1363 2800 lux
1388 2764 1547 2800 occultat
1576 2764 1769 2805 minorem,

496 2828 534 2857 et
557 2829 759 2867 occupatur
781 2824 895 2858 virtus
918 2823 1034 2858 visiva
1053 2824 1149 2858 circa
1173 2834 1307 2868 corpus
1330 2824 1538 2862 immutans,
1554 2826 1593 2855 et
1614 2820 1769 2855 dimittit

497 2879 608 2914 aliam
636 2881 807 2926 speciem.
859 2881 910 2917 Et
937 2881 976 2916 in
1004 2886 1149 2916 tantum
1180 2886 1301 2926 potest
1330 2890 1411 2915 esse
1434 2877 1636 2914 dominium
1663 2877 1771 2912 unius

497 2938 679 2980 contrarii,
689 2939 790 2983 quod
804 2937 900 2973 illius
913 2937 1053 2984 species
1062 2938 1288 2985 praevalebit
1298 2937 1334 2973 in
1345 2937 1429 2972 loco
1439 2935 1631 2971 mixtionis
1642 2935 1772 2981 primo,
