2350 3580
607 706 968 740 PERSPECTIVAE
993 705 1122 740 PARS
1152 705 1326 739 TERTIA
1339 717 1351 738 .·
1379 705 1462 738 DIS
1466 705 1502 738 T.
1530 705 1596 738 ΙΙΙ.
1676 701 1739 747 163

463 795 691 838 fractionem.
726 807 820 843 quae
857 795 1012 832 debilior
1045 800 1112 839 est,
1145 796 1333 842 angelicae
1369 800 1525 831 naturae
1549 793 1738 830 convenit:

463 852 641 891 reflexim
672 854 776 898 visio,
804 865 899 900 quae
937 859 992 890 eet
1022 852 1188 898 debilior,
1216 852 1356 889 homini
1394 858 1516 900 potest
1551 851 1739 898 assignari.

463 910 564 948 Nam
588 911 685 948 sicut
708 910 898 959 speculum
923 916 1141 957 cooperatur
1170 911 1219 947 ad
1248 910 1426 947 visionem
1455 915 1605 958 propter
1633 919 1736 945 suam

462 969 725 1014 aptitudinem,
752 973 791 1006 et
819 968 886 1004 dat
913 968 1049 1015 speciei
1072 967 1306 1004 occasionem
1336 967 1606 1014 multiplicandi
1634 978 1676 1002 se
1701 967 1737 1002 in

463 1026 621 1068 oculum.
641 1031 683 1062 ut
699 1025 765 1062 fiat
782 1026 886 1069 visio,
905 1026 958 1062 sic
973 1037 1105 1073 corpus
1130 1026 1336 1061 animatum
1363 1025 1486 1061 anima
1503 1025 1673 1061 sensitiva
1689 1034 1738 1060 ex

463 1094 530 1120 sua
547 1082 1050 1134 proprietatem-idoneitate
1065 1082 1219 1129 adjuvat
1235 1083 1396 1119 animam
1423 1081 1683 1119 intellectivam
1701 1082 1738 1118 in

463 1151 531 1178 sua
557 1141 777 1190 cognitione.
806 1146 844 1178 et
870 1141 937 1178 dat
971 1141 1004 1177 ei
1039 1141 1288 1188 cognitionem
1323 1151 1345 1175 a
1376 1146 1483 1188 parte
1519 1141 1589 1177 ista
1625 1150 1738 1186 quam

463 1198 668 1236 intellectus
685 1210 734 1234 ex
749 1210 857 1237 sensu
877 1198 1054 1245 corporali
1081 1198 1341 1245 deprehendet.
1391 1198 1443 1234 Et
1470 1198 1552 1234 ideo
1576 1197 1739 1244 cognitio

463 1257 622 1292 hominis
657 1262 939 1304 quantacunque
972 1257 1022 1292 sit
1054 1256 1228 1303 perfecta,
1252 1261 1308 1292 est
1342 1256 1496 1292 debilior
1530 1254 1740 1302 cognitione

462 1313 626 1360 angelica
644 1326 691 1350 ex
708 1314 778 1351 hac
797 1325 917 1356 causa.
933 1319 972 1350 et
989 1313 1119 1350 merito
1136 1313 1210 1350 dici
1234 1319 1361 1360 potest
1374 1312 1572 1360 specularis
1589 1316 1740 1360 propter

463 1372 604 1408 dictam
613 1372 901 1408 similitudinem.
932 1366 1085 1417 Loquor
1097 1371 1144 1406 de
1154 1371 1308 1406 homine
1316 1382 1412 1416 puro
1423 1381 1505 1406 cum
1520 1370 1738 1416 exceptione

464 1429 603 1465 Beatae
617 1429 790 1476 Virginis,
805 1434 843 1465 et
866 1430 1066 1465 secundum
1092 1434 1232 1464 statum
1259 1439 1492 1464 communem
1518 1427 1677 1464 hominis
1702 1433 1740 1464 et

463 1486 594 1534 angeli.
645 1485 697 1523 Et
712 1486 828 1523 homo
845 1485 959 1523 habet
981 1484 1163 1533 triplicem
1185 1485 1374 1530 visionem,
1392 1496 1504 1522 unam
1527 1485 1738 1532 perfectam,

464 1554 561 1591 quae
576 1544 647 1581 erit
666 1544 703 1579 in
721 1550 819 1580 statu
837 1543 977 1591 gloriae
992 1549 1077 1591 post
1096 1544 1394 1579 resurrectionem
1412 1555 1421 1587 ;
1444 1542 1554 1578 aliam
1565 1543 1603 1578 in
1614 1543 1740 1578 anima

464 1606 636 1648 separata
660 1613 682 1637 a
708 1613 861 1648 corpore
890 1602 926 1636 in
954 1601 1059 1637 coelo
1088 1612 1203 1646 usque
1230 1601 1276 1636 ad
1307 1601 1616 1644 resurrectionem,
1644 1611 1740 1646 quae

465 1658 623 1695 debilior
639 1665 721 1703 ατς
746 1657 891 1695 tertiam
910 1658 946 1694 in
963 1658 1034 1694 hac
1049 1657 1137 1703 vita,
1154 1669 1252 1705 quae
1270 1657 1494 1694 debilissima
1512 1662 1577 1701 est,
1594 1662 1632 1694 et
1647 1657 1738 1694 haec

465 1723 522 1753 est
545 1722 644 1753 recte
668 1727 735 1764 per
757 1716 1006 1752 reflexionem.
1057 1715 1270 1752 Secundum
1299 1715 1396 1762 quod
1423 1716 1514 1752 dicit
1537 1715 1739 1762 apostolus,

465 1773 652 1810 ‘videmus
680 1785 778 1810 nunc
803 1784 871 1820 per
897 1773 1085 1819 speculum
1119 1773 1157 1808 in
1182 1773 1401 1819 aenigmate,
1425 1773 1490 1808 sed
1516 1773 1552 1808 in
1576 1771 1694 1818 gloria
1716 1783 1740 1808 a

466 1830 559 1867 facie
584 1832 633 1867 ad
663 1829 812 1874 faciem:
840 1835 878 1867 et
912 1835 999 1878 post
1034 1830 1335 1866 resurrectionem
1361 1831 1561 1867 secundum
1591 1829 1740 1877 plenam

464 1888 732 1932 rectitudinem,
748 1893 787 1924 et
802 1894 890 1925 ante
906 1899 986 1924 eam
1013 1888 1050 1924 in
1074 1888 1197 1924 anima
1221 1888 1423 1924 secundum
1450 1888 1738 1935 obliquatIonem

464 1945 513 1982 ab
557 1945 637 1982 illa‘
668 1945 910 1983 rectitudine:
960 1956 1006 1980 eo
1048 1945 1148 1991 quod
1199 1956 1272 1980 non
1323 1945 1567 1994 complebitur
1615 1946 1740 1982 anima

469 2003 696 2050 plenitudine
716 2004 865 2039 visionis
888 2008 1086 2049 antequam
1111 2003 1259 2038 uniatur
1283 2014 1350 2038 suo
1374 2004 1527 2049 corpori,
1554 2005 1648 2040 sicut
1671 2014 1740 2038 nec

467 2060 556 2097 alias
573 2061 679 2096 dotes
697 2059 846 2096 habebit
863 2059 992 2107 plenas
1012 2066 1101 2097 ante
1120 2059 1212 2096 illud
1236 2066 1394 2107 tempus,
1412 2066 1453 2098 ut
1477 2060 1641 2108 theologi
1666 2070 1740 2096 non

467 2118 650 2166 ignorant,
668 2122 707 2154 et
721 2118 810 2165 quia
826 2118 1014 2166 appetitus
1030 2117 1183 2165 quidam
1203 2117 1400 2154 naturalis1
1418 2118 1514 2155 inest
1530 2119 1676 2154 animae
1692 2118 1740 2154 ad

462 2186 570 2211 suum
587 2187 732 2222 corpus,
746 2176 809 2222 qui
826 2175 950 2221 perfici
977 2187 1049 2211 non
1074 2180 1199 2221 potest
1223 2176 1292 2211 nisi
1311 2175 1583 2212 resurrectione.
1634 2176 1684 2211 Et
1702 2176 1740 2211 in

462 2238 564 2269 statu
597 2232 781 2279 praesenti
819 2238 876 2268 est
902 2231 994 2268 visio
1022 2231 1170 2279 triplex,
1195 2231 1334 2269 scilicet
1359 2238 1458 2269 recta
1484 2233 1521 2269 in
1547 2231 1740 2280 perfectis3

467 2289 584 2327 fracta
602 2289 639 2326 in
658 2289 879 2338 imperfectis
895 2301 903 2333 ;
930 2295 966 2326 et
984 2289 1021 2324 in
1039 2289 1145 2325 malis
1161 2295 1201 2326 et
1218 2290 1254 2324 in
1274 2290 1545 2336 negligentibus
1564 2290 1740 2327 mandata

463 2347 537 2383 Dei
553 2353 610 2383 est
621 2347 732 2383 etiarn
745 2359 812 2394 per
823 2347 1072 2391 reflexionem,
1082 2348 1281 2383 secundum
1300 2347 1481 2393 Jacobum
1492 2347 1716 2393 Apostolum
1728 2360 1738 2390 ;

463 2416 550 2440 nam
576 2409 838 2451 comparantur
860 2404 938 2441 viro
963 2404 1206 2441 consideranti
1230 2404 1372 2441 vultum
1398 2404 1598 2442 nativitatis
1624 2402 1739 2441 suae²

463 2462 502 2498 in
518 2461 680 2510 speculo.

500 2564 510 2582 ¹
529 2564 576 2594 cf.
590 2564 816 2599 Dante,Pmd.
830 2566 889 2594 xiv.
901 2567 1000 2593 61-OE
1048 2567 1104 2594 But
1130 2567 1182 2594 the
1204 2571 1274 2601 poet
1299 2567 1421 2594 taraches
1446 2567 1495 2594 the
1521 2567 1645 2601 thought
1669 2567 1738 2595 with

465 2617 483 2636 ι
494 2617 588 2644 me
600 2609 812 2680 finger-‘nmo
830 2652 869 2680 mi
889 2660 992 2687 parvet
1009 2651 1094 2680 subin·
1114 2652 1150 2680 ed
1169 2652 1276 2680 accorti

752 2694 778 2723 Σ
797 2693 875 2722 l'uno
891 2703 910 2722 e
928 2694 1023 2722 l'nltro
1040 2703 1110 2722 coro
1129 2704 1147 2722 ι
1164 2695 1245 2723 dicer
1256 2704 1266 2723 τ
1290 2694 1426 2731 ‘Anime¹

754 2737 817 2766 Che
829 2738 887 2765 ben
899 2743 1023 2765 mosmr
1033 2739 1108 2765 disio
1121 2739 1168 2765 dei
1181 2739 1262 2773 corpi
1275 2740 1360 2766 morti
1371 2748 1379 2772 ς

719 2780 809 2812 Ferae
828 2790 886 2809 non
906 2790 961 2817 pur
977 2790 1031 2816 per
1049 2781 1101 2813 lor.
1121 2790 1168 2809 nu
1187 2790 1240 2816 per
1257 2782 1285 2810 le
1303 2791 1434 2815 mantne,

757 2824 815 2852 Per
831 2824 852 2852 li
871 2824 962 2861 padri,
982 2833 1000 2852 e
1018 2833 1071 2860 per
1089 2824 1128 2859 gli
1146 2824 1210 2852 altri
1230 2824 1282 2853 che
1301 2825 1346 2853 sur
1363 2826 1421 2853 euri

751 2867 829 2895 Anti
847 2867 902 2895 che
921 2867 1017 2895 sooner
1033 2867 1210 2903 sempiterne
1230 2867 1351 2896 flamme.

497 2908 510 2927 ⁸
526 2910 573 2940 Cf.
587 2910 638 2938 une
650 2910 748 2938 Greek
758 2911 876 2938 version
888 2920 895 2940 :
913 2908 948 2938 τὸ
960 2909 1101 2945 πρόσιτον
1113 2911 1163 2945 τῆς
1174 2911 1307 2946 vniam
1321 2911 1406 2939 atnoe
1418 2912 1529 2948 Omen
1541 2913 1559 2941 i.
1573 2913 1633 2948 ns).

494 2999 659 3027 tumn-¹¹
