2350 3580
610 719 675 755 190
875 711 1048 745 OPERIS
1073 712 1284 751 MAJORIS
1310 710 1439 745 PARS
1463 710 1629 746 SEXTA.

607 801 655 838 ad
683 800 806 838 locum
830 802 990 848 priorem
1017 802 1123 845 iridis,
1145 801 1196 838 ita
1221 802 1323 848 quod
1350 808 1501 848 propter
1525 800 1892 848 approximationem

606 859 766 896 videntis
784 859 863 905 jam
889 870 961 896 non
987 859 1170 896 invenitur
1188 859 1290 896 iocus
1314 859 1412 896 idem
1436 859 1603 906 ejusdem
1627 858 1893 906 dispositionis,

608 917 721 952 immo
746 917 877 952 clarior
901 928 1012 962 quam
1037 917 1239 962 requiratur
1268 917 1314 952 ad
1341 917 1441 952 iridis
1464 917 1746 963 apparitionem.
1798 915 1891 951 Non

606 975 704 1011 enirn
722 975 757 1009 in
775 975 873 1010 omni
890 975 988 1011 dicta
1003 972 1074 1010 loci
1094 975 1339 1021 dispositione
1360 979 1483 1021 potest
1504 985 1694 1021 apparere,
1709 972 1889 1019 quoniam

606 1031 695 1068 licet
710 1031 862 1067 materia
879 1032 926 1068 sit
943 1032 1063 1067 rorida
1080 1042 1198 1078 usque
1219 1032 1265 1067 ad
1290 1031 1447 1073 oculum,
1466 1043 1541 1068 non
1558 1037 1684 1068 tamen
1701 1029 1891 1068 videbitur

607 1089 673 1124 nisi
706 1089 743 1124 in
777 1089 860 1124 ioco
891 1089 1172 1136 proportionalis
1204 1089 1459 1130 obscuritatis;
1496 1089 1581 1124 ideo
1609 1092 1758 1134 oportet
1784 1088 1888 1134 quod

608 1145 704 1182 basis
720 1147 921 1192 pyramidis
937 1147 1046 1182 cadat
1062 1147 1099 1181 in
1119 1146 1216 1182 nube
1239 1146 1389 1182 ulterius
1406 1147 1442 1182 in
1457 1145 1543 1182 loco
1558 1147 1706 1182 debitae
1723 1144 1888 1182 obscuri-

606 1203 703 1240 tatis.
753 1204 805 1240 Et
832 1204 884 1240 sic
908 1209 990 1240 tota
1014 1204 1176 1250 pyramis
1208 1210 1329 1241 mutat
1355 1203 1476 1240 locum
1507 1204 1710 1240 secundum
1739 1208 1887 1239 motum

606 1261 826 1308 aspicientis,
841 1273 886 1297 ac
908 1262 937 1296 si
954 1267 1121 1308 portetur
1138 1262 1303 1307 pyramis
1320 1267 1405 1297 ante
1423 1261 1552 1296 faciem
1571 1261 1730 1297 immittis
1754 1261 1887 1296 ambu-

607 1319 728 1362 lantis,
741 1319 846 1364 cujus
861 1330 977 1354 conus
997 1319 1044 1354 sit
1062 1319 1098 1354 in
1114 1319 1223 1354 oculo
1241 1318 1347 1362 fixus,
1365 1324 1404 1354 et
1420 1330 1552 1364 corpus
1561 1319 1638 1364 ejus
1663 1318 1889 1354 extendatur

605 1375 641 1412 in
659 1388 744 1412 aere
761 1388 876 1421 usque
897 1376 946 1411 ad
963 1375 1083 1412 locum
1102 1376 1212 1419 iridis,
1231 1376 1292 1411 ubi
1316 1381 1467 1423 propter
1483 1375 1696 1412 distantiam
1712 1374 1763 1411 ab
1778 1374 1889 1410 oculo

605 1433 788 1470 invenitur
806 1433 1026 1469 umbrositas
1048 1439 1201 1480 propter
1216 1433 1493 1479 spissitudinem
1512 1443 1692 1479 vaporum
1714 1439 1753 1468 et
1776 1431 1888 1467 nubis

606 1492 870 1526 obumbrantis.
921 1491 973 1526 Et
1001 1496 1059 1526 est
1085 1490 1208 1526 simile
1232 1491 1281 1525 de
1307 1490 1454 1526 homine
1483 1491 1684 1536 aspiciente
1708 1500 1887 1535 vaporem

606 1547 821 1584 nebulosum
850 1560 872 1584 a
901 1548 1013 1594 longe
1037 1558 1145 1594 quem
1172 1548 1296 1584 videre
1325 1558 1399 1583 non
1430 1553 1554 1593 potest
1582 1548 1630 1584 de
1655 1557 1780 1593 prope,
1797 1556 1886 1584 nam

606 1611 757 1651 propter
779 1605 992 1641 distantiam
1017 1605 1230 1641 debilitatur
1252 1605 1391 1650 species
1412 1605 1518 1646 visus,
1536 1610 1573 1641 et
1597 1610 1723 1652 potest
1746 1615 1769 1639 a
1794 1604 1887 1650 spis-

605 1663 766 1698 situdine
781 1674 959 1708 vaporum
979 1663 1179 1706 terminari,
1196 1674 1305 1708 quem
1323 1663 1373 1697 de
1394 1674 1512 1709 prope
1534 1667 1654 1708 potest
1672 1666 1888 1708 penetrum

605 1725 641 1755 et
667 1725 819 1766 propter
835 1720 905 1755 hoc
929 1724 1033 1766 patet
1053 1721 1153 1766 quod
1181 1721 1265 1756 licet
1291 1720 1426 1766 ubique
1450 1720 1497 1756 sit
1524 1721 1561 1755 in
1585 1718 1738 1755 materia
1762 1718 1888 1755 rorida

606 1776 768 1820 reflexio,
794 1783 919 1813 tamen
946 1788 1022 1813 non
1052 1777 1188 1823 ubique
1214 1783 1370 1824 apparet.
1399 1777 1467 1822 iris,
1490 1777 1556 1813 sed
1585 1777 1621 1813 in
1652 1776 1734 1813 loco
1765 1777 1887 1813 deter-

607 1834 757 1870 minato.
810 1834 872 1871 Sic
888 1834 1043 1870 solvitur
1059 1833 1143 1870 illa¹
1161 1835 1321 1879 objectio
1339 1836 1465 1880 prima.

656 1891 828 1928 Secunda
847 1898 950 1938 patet
972 1904 1022 1928 ex
1045 1892 1177 1928 eodem
1193 1904 1201 1936 ;
1227 1903 1314 1927 nam
1332 1904 1405 1927 non
1422 1897 1547 1928 manet
1564 1892 1622 1927 hic
1639 1892 1737 1927 idem
1754 1902 1886 1937 specu·

606 1949 695 1993 lum,
712 1960 780 1985 nec
805 1950 841 1984 in
868 1950 997 1986 eodem
1024 1949 1119 1990 loco,
1137 1955 1288 1996 propter
1308 1950 1583 1986 umbrositatem
1605 1960 1698 1995 quae
1723 1948 1887 1996 exigitur

606 2007 652 2043 ati
672 2007 937 2053 apparitionem
957 2007 1129 2048 colorum,
1145 2013 1185 2043 et
1201 2007 1285 2043 ideo
1303 2017 1396 2043 nunc
1421 2007 1458 2043 in
1481 2018 1553 2043 una
1568 2011 1673 2052 parte
1689 2006 1886 2043 rotationis

606 2069 760 2110 apparet
778 2064 846 2106 iris,
863 2076 959 2099 nunc
979 2065 1014 2099 in
1032 2065 1111 2100 alia.

657 2121 695 2156 Si
719 2122 863 2165 dicitur,
881 2122 982 2168 quod
1008 2127 1110 2158 moto
1127 2121 1276 2158 vidente
1301 2121 1347 2156 ad
1370 2121 1547 2157 orientem
1572 2120 1626 2156 sol
1650 2126 1819 2156 movetur
1834 2120 1885 2157 ad

606 2179 833 2214 occidentem
846 2178 870 2220 ²,
895 2179 979 2215 ideo
1007 2186 1184 2225 punctum
1213 2179 1421 2214 reflexionis
1453 2179 1656 2214 mutabitur
1678 2178 1885 2213 secundum

607 2242 747 2272 motum
775 2236 873 2279 solis,
890 2243 928 2272 et
952 2238 1034 2272 ideo
1062 2238 1214 2273 accedet
1242 2237 1302 2272 iris
1327 2237 1376 2272 ad
1405 2236 1521 2271 solem
1552 2236 1667 2282 magis
1692 2247 1805 2281 quam
1834 2236 1885 2271 ad

605 2293 801 2334 videntem,
822 2300 926 2340 patet
954 2306 1019 2340 per
1043 2295 1254 2340 supradicta
1279 2294 1379 2340 quod
1407 2305 1503 2337 nom
1536 2293 1623 2339 quia
1649 2298 1769 2329 motus
1795 2292 1886 2329 solis

606 2351 653 2387 ad
686 2352 863 2387 orientem
903 2351 939 2387 in
973 2351 1063 2387 hora
1100 2351 1342 2398 apparitionis
1375 2351 1476 2387 iridis
1506 2357 1563 2387 est
1591 2349 1820 2394 insensibilis,
1845 2356 1885 2388 et

608 2409 691 2443 ideo
715 2409 930 2444 aestImatur
952 2416 1059 2452 stare,
1083 2409 1120 2444 id
1147 2415 1203 2444 est
1230 2420 1302 2444 non
1329 2409 1464 2444 moveri
1488 2409 1536 2443 ad
1563 2409 1800 2444 occidentem.

1048 2553 1299 2591 Cam-tumn
1324 2553 1436 2590 vm.

419 2653 505 2681 mm
655 2639 730 2675 Sed
758 2644 843 2675 tune
868 2644 972 2685 patet
997 2650 1061 2684 per
1085 2639 1165 2681 hoc.
1190 2640 1290 2684 quod
1314 2638 1401 2674 nihil
1427 2639 1496 2674 erit
1519 2638 1556 2674 in
1585 2638 1667 2674 loco
1692 2638 1790 2673 iridis
1816 2638 1885 2674 nisi

415 2691 572 2754 gffinflg‘s
604 2698 817 2742 apparentia
843 2697 1018 2741 colorum,
1041 2703 1080 2732 et
1104 2709 1179 2732 non.
1203 2698 1274 2732 erit
1299 2697 1366 2732 nIsi
1392 2698 1541 2742 quando
1567 2700 1732 2742 apparet.
1783 2695 1884 2731 Nam

419 2763 464 2792 um
479 2763 550 2792 how„
606 2755 746 2791 dictum
770 2760 826 2791 est
841 2755 939 2800 quod
959 2754 1159 2790 secundum
1183 2754 1432 2791 diversitatem
1454 2753 1708 2800 aspicientium
1729 2753 1884 2789 diversi-

606 2812 732 2848 ficatur
750 2812 819 2847 iris.
870 2811 943 2847 Sed
961 2817 1132 2857 aspectus
1154 2823 1230 2846 non
1256 2812 1340 2847 facit
1361 2811 1512 2846 colores.
1561 2811 1673 2847 Visus
1689 2811 1788 2846 enim
1809 2822 1885 2846 uon

821 2904 830 2922 ¹
850 2904 906 2937 illa,
919 2904 1039 2933 omitted
1052 2905 1081 2932 in
1092 2904 1176 2937 Jebb.

820 2947 831 2965 ¹
849 2947 893 2976 soi
906 2953 1035 2976 movetur
1046 2948 1083 2976 ad
1098 2948 1288 2983 occidentem,
1301 2948 1419 2977 omitted
1432 2949 1458 2976 in
1472 2948 1498 2982 J.
