2350 3580
616 719 834 755 nouus
859 719 1190 755 PHILosoPHJA
1206 732 1219 752 .·
1255 719 1384 753 PARS
1410 719 1576 764 mma,
1670 729 1738 764 ²35

458 815 547 846 sunt
563 810 613 847 de
626 809 759 848 finibus
775 809 986 858 Aquilonis.
1035 810 1087 847 Et
1102 810 1188 848 ideo
1205 811 1390 848 discursus
1407 810 1645 847 Tartarorum
1662 821 1737 846 non

457 867 595 904 sufficit
622 867 831 904 verificare¹
861 875 1009 916 tempus
1041 869 1088 904 de
1121 869 1282 907 adventu
1312 868 1544 914 Antichrisfi,
1569 869 1634 904 sed
1663 868 1736 904 alia

457 926 658 972 exiguntur
674 932 716 962 ut
731 927 921 972 sequentia
936 926 1190 972 explicabunt.

506 982 623 1019 Aliud
640 995 728 1020 vero
745 984 961 1031 principium
985 990 1041 1020 est
1058 986 1106 1020 de
1123 983 1265 1031 judicio
1282 982 1406 1020 futuro
1419 982 1443 1019 ².
1495 983 1594 1020 Nam
1612 983 1648 1019 in
1665 983 1736 1021 hoc

457 1041 557 1077 cedit
590 1052 686 1078 unus
710 1041 885 1078 articulus
909 1041 994 1078 fidei
1020 1041 1251 1078 Christianae
1275 1042 1323 1078 dc
1346 1053 1422 1089 quo
1446 1041 1545 1078 dixit
1581 1041 1737 1078 Ethicus

457 1098 710 1145 philosophus,
727 1099 919 1141 Diabolus,
941 1100 1003 1145 qui
1027 1100 1148 1145 primo
1172 1088 1344 1134 conditus
1368 1099 1508 1135 fuerat⁸
1533 1104 1571 1135 et
1595 1100 1737 1146 primus

457 1161 652 1201 corruerat,
667 1163 755 1193 ante
772 1167 899 1192 omnes
914 1158 1094 1204 pessimos
1111 1157 1281 1192 homines
1299 1157 1470 1204 punietur
1484 1163 1525 1193 et
1543 1158 1578 1192 in
1596 1157 1737 1192 inferno

458 1212 689 1254 reclude-:tun
715 1208 777 1260 q‘ui
795 1214 881 1260 quia
899 1221 1086 1250 creaturae
1107 1214 1299 1261 praefulsit
1323 1214 1359 1250 in
1382 1214 1511 1250 ordine
1532 1215 1682 1262 primus,
1698 1221 1736 1251 et

456 1271 600 1307 viarum
625 1270 698 1306 Dei
722 1270 855 1308 claruit
876 1272 915 1307 in
938 1272 1163 1313 miraculum,
1184 1271 1284 1308 idem
1310 1272 1450 1317 primus
1475 1272 1512 1308 in
1537 1272 1736 1308 novissimo

454 1328 596 1374 judicio
612 1329 762 1365 terribili
779 1334 934 1365 venturo
952 1341 1090 1375 poenas
1111 1330 1283 1376 patietur,
1305 1334 1344 1364 et
1365 1329 1398 1364 ei
1421 1329 1550 1375 quales
1566 1330 1615 1365 ab
1633 1329 1736 1365 initio

457 1386 570 1423 datae
584 1391 670 1423 sunt
685 1387 721 1423 in
738 1399 892 1423 caverna
909 1387 988 1427 laci.
1006 1391 1063 1423 tot
1079 1393 1169 1423 ante
1194 1386 1354 1423 tribunal
1381 1387 1478 1434 regis
1497 1388 1578 1434 ipso
1596 1387 1736 1433 judicio

457 1449 544 1481 sunt
568 1444 718 1487 dilatae,
744 1451 784 1481 ut
809 1452 958 1481 cernant
989 1445 1091 1492 impii
1118 1444 1469 1482 truculentissimum
1494 1455 1583 1481 suae
1608 1444 1736 1481 mortis

457 1507 655 1538 auctorem.

508 1559 568 1595 De
582 1558 778 1596 Creatione
788 1572 876 1596 vero
890 1564 947 1596 est
960 1560 1060 1596 aliud
1072 1560 1305 1607 principium,
1316 1561 1416 1607 quod
1436 1560 1523 1607 quia
1538 1561 1576 1596 in
1594 1558 1735 1596 mathe-
1752 1572 1844 1601 view:
1856 1572 1889 1601 ot

458 1617 602 1653 matieis
624 1617 737 1654 habet
763 1618 921 1665 probari,
942 1623 1073 1654 notum
1099 1622 1179 1663 θεὶς
1211 1618 1295 1654 ideo
1320 1618 1441 1654 solum
1469 1616 1654 1654 moraliter
1678 1617 1736 1654 hic
1751 1607 1924 1673 {33:³⁶

458 1675 687 1721 tangendum
717 1681 782 1711 est.
832 1674 1054 1711 Aristoteles
1089 1675 1241 1722 quidem
1276 1676 1310 1711 in
1345 1675 1441 1712 libro
1465 1676 1514 1711 de
1539 1675 1884 1723 RegimineonCrea-

459 1731 675 1778 Regnorum
692 1743 866 1778 expresse
883 1734 986 1781 ponit
1003 1738 1039 1768 et
1058 1734 1224 1769 nominat
1244 1732 1370 1769 Adam.
1387 1738 1432 1770 et
1444 1733 1583 1777 Enoch,
1596 1739 1635 1769 et
1652 1734 1736 1769 ideo
1749 1718 1824 1751 ¹²⁰¹*

457 1789 619 1836 primum
652 1790 838 1826 hominem
863 1796 900 1826 et
924 1791 1141 1837 principium
1169 1791 1298 1826 mundi
1323 1790 1517 1828 intellexit.
1570 1789 1682 1836 Quod
1706 1791 1736 1827 si

457 1846 679 1894 principium
696 1847 837 1892 habuit,
855 1858 1002 1884 necesse
1023 1854 1079 1885 est
1105 1853 1268 1884 creatum
1288 1847 1406 1892 fuisse,
1423 1854 1466 1884 ut
1490 1848 1657 1895 superius
1681 1853 1738 1884 est

457 1905 641 1941 edoctum.
697 1905 748 1941 Et
782 1905 1010 1943 Albumazar
1043 1906 1081 1941 in
1113 1906 1208 1943 libro
1243 1905 1554 1951 Conjunctionum
1588 1905 1736 1952 egregie

457 1964 619 1999 serviens
642 1964 772 1999 morali
790 1963 1045 2010 philosophiae
1069 1964 1173 2010 ponit
1194 1964 1355 2010 primum
1381 1963 1578 2006 hominem,
1594 1963 1737 2000 scilicet

458 2020 597 2064 Adam.
619 2026 659 2056 et
682 2022 792 2057 docet
821 2026 1001 2068 quantum
1033 2020 1102 2057 suit
1127 2023 1175 2057 ab
1201 2033 1245 2057 eo
1271 2033 1387 2068 usque
1412 2021 1461 2056 ad
1484 2022 1673 2062 diluvium,
1697 2027 1737 2058 et

457 2085 640 2126 quantum
657 2091 679 2116 a
704 2079 841 2115 diluvio
862 2090 979 2126 usque
999 2079 1045 2115 ad
1072 2078 1268 2122 Christum,
1285 2085 1324 2115 et
1345 2084 1525 2126 quantum
1543 2090 1565 2115 a
1584 2078 1736 2115 Christo

457 2147 575 2182 usque
599 2137 646 2172 ad
676 2136 967 2180 Machametum,
988 2141 1027 2172 et
1050 2141 1231 2182 quantum
1255 2136 1305 2172 ab
1331 2147 1377 2172 eo
1394 2147 1516 2182 ⁶uisque
1538 2136 1587 2172 ad
1614 2134 1734 2182 legem

455 2193 615 2231 foedam.
666 2194 718 2230 Et
731 2193 923 2230 Avicenna
939 2195 974 2230 in
995 2194 1203 2231 Moralibus
1212 2194 1363 2230 omnino
1375 2195 1481 2240 ponit
1498 2194 1733 2230 creationem.

457 2251 510 2288 Et
534 2251 688 2288 Ethicus
706 2251 948 2298 philosophus
973 2252 1072 2294 dicit,
1097 2251 1259 2287 Primum
1282 2251 1448 2287 omnium
1477 2251 1580 2290 Deus
1605 2261 1734 2288 omnes

457 2315 644 2345 creaturas
661 2309 878 2354 aedificavit,
894 2314 933 2344 ct
954 2320 1101 2344 summo
1119 2319 1231 2355 opere
1248 2318 1361 2343 unam
1379 2308 1516 2344 molem
1528 2306 1543 2328 ¹
1559 2308 1732 2353 instituit,

455 2373 571 2414 atque
589 2378 634 2403 ea
649 2379 745 2413 quae
761 2379 811 2402 ex
829 2367 943 2402 nihilo
961 2365 1048 2402 fecit
1066 2366 1318 2413 multipliciter
1333 2367 1514 2401 dilatavit.
1565 2364 1614 2401 Et
1634 2365 1734 2400 Tris-

457 2426 637 2472 megistus
661 2425 698 2460 in
716 2424 810 2461 libro
827 2426 873 2460 de
891 2423 1097 2460 Divinitate
1113 2424 1161 2460 ad
1179 2423 1396 2470 Asclepium
1416 2423 1477 2467 ait,
1496 2423 1541 2458 In
1559 2421 1734 2459 Creatore

455 2488 543 2520 sunt
567 2482 692 2519 omnia
712 2489 910 2529 autequam
938 2488 1094 2518 creasset
1118 2493 1187 2523 ea;
1211 2487 1252 2516 ut
1273 2482 1471 2519 concordat
1494 2491 1578 2516 cum
1594 2481 1736 2527 Joanne

456 2540 698 2586 Evangelista
715 2540 775 2586 qui
792 2540 892 2581 dicit,
910 2539 1021 2585 Quod
1040 2539 1176 2575 sactum
1202 2545 1259 2575 est
1275 2540 1312 2575 in
1331 2540 1412 2585 ipso
1430 2539 1505 2574 vita
1523 2544 1601 2574 erat
1615 2551 1624 2581 ;
1649 2549 1734 2573 cum

454 2605 583 2634 tamen
599 2599 659 2634 hic
676 2598 937 2644 Trismegiatus
961 2598 1029 2633 fuit
1052 2598 1196 2634 circiter
1214 2602 1361 2643 tempus
1383 2597 1508 2642 Moysi
1527 2601 1564 2631 et
1589 2596 1735 2642 Josuac,

456 2662 497 2693 ut
515 2655 672 2693 habetur
688 2655 737 2692 ab
755 2655 968 2703 Augustino
987 2655 1082 2691 libro
1099 2656 1145 2692 de
1164 2654 1325 2692 civitate
1343 2654 1426 2691 Dei.

506 2713 615 2751 Circa
659 2725 748 2750 vero
797 2714 916 2761 primo
959 2719 1093 2755 creata,
1138 2713 1321 2749 invenitur
1367 2712 1586 2760 principium
1626 2705 1735 2757 hujus

455 2772 648 2809 scientiae:
675 2771 886 2817 hujusmodi
901 2776 1027 2806 autem
1044 2775 1129 2806 sunt
1146 2771 1285 2817 Angeli
1304 2771 1390 2806 boni
1407 2776 1445 2805 et
1465 2769 1561 2804 mali.
1612 2768 1734 2805 Primo
1749 2781 1785 2801 on
1798 2771 1912 2810 Angels.

455 2830 568 2876 igitur
597 2841 664 2876 per
689 2834 811 2865 motus
838 2840 1031 2876 corporum
1059 2830 1199 2872 mundi,
1228 2839 1334 2875 quos·
1349 2829 1566 2864 invenerunt
1594 2826 1736 2862 circiter

493 2913 502 2932 ⁸
521 2913 717 2942 determinare
728 2914 795 2951 (pm
806 2915 977 2949 verificare),
994 2914 1030 2942 M.
1279 2914 1290 2931 ⁸
1307 2918 1441 2947 venturo,
1456 2912 1494 2940 u.

490 2957 503 2975 ³
521 2958 586 2987 Vol.
598 2958 616 2987 ἰ.
630 2966 659 2994 ρ.
674 2966 740 2994 ¹9⁰²
759 2959 821 2986 also
836 2958 915 2995 opu:
931 2959 1062 2993 sermm,
1077 2966 1138 2994 cap.
1152 2965 1198 2992 41.
1463 2955 1474 2973 ⁴
1493 2955 1608 2988 molam,
1622 2954 1663 2985 u.

475 3043 651 3071 :image-u
