2350 3580
614 738 975 772 PERSPECTWAE
1003 738 1130 771 PARS
1158 736 1339 770 PRIMA.-
1375 737 1496 770 DlsT.
1530 736 1585 769 VJ.
1698 744 1744 778 43

930 903 1182 941 (ΞΑΡιτυιυΜ
1216 903 1280 941 lv.

515 1008 557 1043 In
574 1019 648 1054 quo
672 1009 850 1054 probatur
866 1019 952 1045 vera
973 1008 1106 1046 mixtio
1128 1009 1332 1057 specierum
1355 1009 1393 1044 in
1413 1008 1579 1054 quolibet
1603 1012 1740 1054 puncto

466 1066 587 1109 medii,
604 1077 687 1102 cum
704 1067 943 1102 evacuatione
960 1066 1232 1102 cavillationum
1251 1067 1285 1102 in
1303 1066 1534 1102 contrarium.

513 1177 606 1213 Cum
634 1183 757 1214 autem
784 1178 921 1221 dicunt,
945 1179 1044 1223 quod
1072 1178 1212 1224 species
1241 1178 1356 1212 habet
1382 1188 1461 1212 esse
1487 1175 1676 1223 spirituale
1704 1176 1740 1211 in
1757 1181 1915 1224 Pmostlint

463 1235 597 1276 medio,
613 1234 686 1271 hoc
701 1247 775 1271 non
795 1240 851 1271 est
866 1237 1070 1271 secundum
1088 1236 1188 1281 quod
1212 1234 1401 1282 spirituale
1424 1234 1578 1270 sumitur
1595 1233 1740 1281 proprie
1754 1218 1900 1283 2²:22{1{⁵

463 1296 501 1329 et
519 1293 650 1340 primo,
666 1304 690 1329 a
708 1292 846 1340 spiritu,
863 1293 1063 1329 secundum
1083 1294 1183 1340 quod
1201 1293 1355 1329 dicimus
1373 1292 1494 1328 Deum
1512 1298 1550 1328 et
1566 1292 1738 1339 angelum
1754 1295 1803 1354 Ἥ
1816 1291 1908 1326 spirit-

462 1355 500 1386 et
517 1350 679 1386 animam
700 1362 779 1386 esse
797 1362 852 1386 res
872 1350 1101 1396 spirituales:
1125 1351 1214 1396 quia
1239 1350 1389 1396 planum
1411 1356 1466 1386 est
1483 1350 1583 1395 quod
1602 1350 1740 1396 species
1754 1336 1772 1355 η
1799 1349 1807 1355 “

463 1419 584 1443 rerum
597 1409 839 1454 corporalium
852 1420 926 1444 non
937 1409 990 1444 sic
1003 1413 1090 1444 sunt
1101 1408 1321 1454 spirituales.
1354 1407 1454 1454 Ergo
1467 1408 1515 1443 de
1527 1407 1741 1444 necessitate

462 1465 655 1502 habebunt
678 1478 759 1502 esse
783 1465 981 1512 corporale,
1001 1467 1090 1512 quia
1114 1476 1248 1513 corpus
1272 1473 1310 1502 et
1332 1466 1481 1512 spiritus
1505 1471 1743 1512 opponuntur

462 1523 541 1558 sine
559 1524 695 1558 medio.
746 1523 797 1559 Et
821 1524 850 1558 si
876 1523 1014 1559 habent
1039 1535 1119 1561 esse
1143 1523 1343 1570 corporale,
1364 1523 1475 1558 etiam
1501 1523 1636 1558 habent
1663 1534 1743 1558 aese

463 1581 661 1624 materiale,
678 1586 716 1617 et
738 1581 823 1616 ideo
846 1582 982 1617 debent
1003 1592 1147 1617 servare
1169 1581 1270 1628 leges
1292 1592 1410 1617 rerum
1436 1581 1678 1616 materialium
1703 1586 1740 1617 et

462 1638 719 1685 corporalium,
739 1645 778 1674 et
803 1640 886 1675 ideo
911 1638 1065 1682 misceri,
1084 1641 1234 1685 quando
1259 1644 1347 1675 sunt
1370 1638 1583 1677 contrariae,
1607 1644 1643 1674 et
1669 1650 1740 1674 una

462 1695 550 1737 fieri,
568 1697 715 1743 quando
739 1703 823 1733 sunt
846 1696 1010 1743 ejusdem
1034 1697 1168 1743 speciei
1193 1696 1545 1743 praedicamentalis.
1596 1695 1647 1732 Et
1671 1696 1740 1733 hoc

462 1754 595 1790 iterum
618 1759 732 1800 patet,
748 1755 921 1800 quoniam
946 1755 1085 1800 species
1107 1760 1163 1790 est
1188 1754 1385 1790 similitudo
1407 1755 1458 1789 rei
1483 1754 1682 1800 corporalis
1703 1760 1742 1790 et

462 1823 535 1847 non
567 1812 788 1858 spiritualis:
823 1824 912 1858 ergo
946 1812 1098 1848 habebit
1130 1823 1212 1847 esse
1243 1813 1443 1858 corporale.
1496 1812 1588 1847 ltem
1618 1818 1675 1847 cst
1705 1814 1740 1848 in

462 1869 586 1905 medio
610 1869 789 1916 corporali
815 1876 852 1906 et
879 1870 1065 1912 materiali,
1085 1876 1124 1906 et
1150 1880 1261 1906 omne
1281 1871 1381 1916 quod
1409 1869 1581 1916 recipitur
1605 1870 1641 1905 in
1669 1869 1741 1906 alio

461 1933 517 1963 est
544 1939 610 1974 per
634 1928 786 1964 modum
815 1927 1032 1974 recipientis,
1058 1933 1099 1964 ut
1125 1928 1261 1964 dicitur
1285 1928 1322 1964 in
1353 1927 1447 1964 libro
1466 1927 1514 1964 de
1537 1927 1676 1969 Causis,
1702 1933 1739 1964 et

462 1985 614 2020 Boetius
637 1985 726 2020 dicit
750 1986 786 2020 in
808 1985 901 2021 libro
923 1986 1054 2031 quinto
1079 1986 1125 2021 de
1145 1985 1417 2022 Consolatione.
1470 1985 1571 2032 Ergo
1593 1991 1740 2031 oportet

459 2043 561 2088 quod
589 2044 726 2078 habeat
753 2055 835 2079 esse
861 2044 1048 2089 corporale
1075 2045 1110 2078 in
1139 2045 1263 2079 medio
1295 2044 1482 2089 corporali.
1543 2043 1738 2080 Caeterum

458 2101 601 2147 species
623 2101 711 2137 facit
735 2101 983 2148 operationem
1008 2101 1245 2147 corporalem,
1265 2107 1305 2137 ut
1330 2101 1469 2148 species
1491 2101 1622 2137 caloris
1645 2101 1738 2138 cale-

458 2157 548 2194 facit
566 2170 728 2206 corpora,
741 2165 778 2194 et
796 2159 972 2202 exsiccat,
986 2165 1023 2194 et
1041 2159 1246 2205 putrefacit,
1256 2164 1294 2194 et
1311 2160 1361 2195 sic
1379 2160 1425 2195 de
1443 2159 1521 2195 aliis
1536 2159 1736 2206 speciebus.

459 2215 564 2261 Ergo
586 2227 668 2251 cum
686 2216 756 2251 hoc
779 2216 866 2252 facit
888 2216 1045 2252 calorem
1070 2217 1232 2258 univoce,
1250 2222 1285 2252 et
1304 2218 1486 2252 mediante
1510 2218 1628 2253 calore
1653 2216 1737 2253 facit

457 2273 539 2316 alia,
557 2285 705 2310 necesse
720 2281 776 2310 est
792 2275 894 2320 quod
912 2275 959 2310 sit
977 2286 1032 2310 rm
1050 2274 1257 2321 corporalis,
1275 2275 1361 2320 quia
1380 2287 1434 2310 res
1452 2275 1646 2321 spiritualis
1665 2287 1737 2310 non

457 2331 545 2367 facit
568 2331 748 2367 actionem
774 2332 999 2378 corporalem
1026 2332 1190 2368 univoce.
1241 2331 1370 2378 Atque
1396 2333 1556 2368 maxime
1582 2333 1665 2368 facit
1689 2333 1737 2368 ad

457 2388 541 2432 hoc,
557 2390 659 2435 quod
686 2389 826 2435 species
851 2396 908 2425 est
932 2390 1097 2435 ejusdem
1123 2390 1302 2427 essentiae
1327 2402 1412 2425 cum
1439 2391 1570 2427 effectu
1595 2391 1738 2438 agentis

457 2447 655 2492 completo,
679 2452 717 2482 et
748 2447 789 2482 fit
817 2447 886 2489 ille.
912 2449 1064 2493 quando
1094 2459 1209 2494 agens
1237 2448 1424 2484 invalescit
1447 2459 1558 2494 super
1583 2449 1737 2494 patiens.

457 2503 648 2551 Quoniam
680 2504 717 2540 in
750 2507 939 2552 principio,
966 2507 1115 2552 quando
1151 2506 1250 2552 ligna
1283 2507 1467 2551 calefiunt,
1494 2507 1583 2541 dum
1617 2507 1738 2541 adhuc

458 2568 609 2599 manent
626 2562 735 2610 ligna,
747 2563 886 2599 habent
901 2563 1062 2610 speciem
1082 2564 1185 2611 ignis,
1199 2570 1235 2600 et
1254 2571 1381 2610 postea
1399 2563 1615 2600 fortificatus
1632 2564 1737 2606 actio,

457 2625 496 2656 et
525 2621 666 2666 species
699 2625 937 2667 promovetur
966 2622 1002 2656 in
1037 2623 1159 2666 ignem
1194 2621 1433 2669 completum,
1463 2623 1609 2669 quando
1644 2622 1739 2668 ignis

455 2679 659 2725 corruperit
692 2685 862 2715 naturam
899 2679 1104 2725 specificam
1143 2680 1336 2725 lignorum,
1366 2686 1404 2715 et
1439 2680 1481 2716 fit
1514 2680 1670 2723 flamma,
1701 2685 1738 2715 et

454 2735 580 2772 carbo.
630 2735 718 2772 Non
748 2749 835 2783 ergo
866 2736 985 2773 differt
1014 2738 1154 2783 species
1183 2749 1203 2773 a
1234 2738 1392 2773 carbone
1421 2743 1458 2773 et
1488 2736 1645 2781 flamma,
1670 2737 1736 2773 nisi

454 2793 553 2830 sicut
574 2793 835 2841 incompletum
852 2807 874 2831 a
892 2795 1088 2841 completo,
1105 2796 1201 2832 sicut
1225 2796 1379 2842 embryo
1403 2807 1423 2831 a
1447 2807 1570 2842 puero.
1588 2802 1625 2832 et
1647 2806 1737 2842 puer

455 2863 479 2887 a
506 2851 596 2887 vim.
657 2851 732 2887 Sed
761 2857 907 2888 constat
932 2854 1032 2898 quod
1063 2853 1288 2899 completum
1319 2860 1374 2888 est
1405 2853 1613 2888 materiale:
1647 2864 1734 2900 ergo

455 2914 495 2944 et
520 2908 796 2956 incompletum,
815 2911 1022 2956 ubicunque
1048 2911 1265 2957 accipiamus
1292 2923 1345 2953 ea,
1363 2911 1449 2957 quia
1474 2911 1735 2956 incompletum

456 2965 499 3002 fit
530 2967 766 3015 completum.
826 2967 1061 3004 Manifestum
1097 2974 1152 3004 est
1183 2980 1280 3014 ergo,
1312 2968 1412 3014 quod
1443 2968 1582 3015 species
1616 2980 1734 3004 rerum

452 3066 615 3093 surim-11
