2350 3580
1035 818 1209 861 PARS
1258 816 1427 868 QUIN
1429 816 1513 858 TA

839 923 1358 964 MULTIPLICATIONIS
1394 923 1730 960 SPECIERUM.

718 1031 807 1068 Pars
824 1031 978 1078 Quinta,
993 1032 1042 1068 de
1057 1030 1203 1067 actione
1220 1029 1374 1077 speciei3
1398 1034 1436 1064 et
1452 1028 1567 1064 habet
1586 1028 1663 1064 tria
1678 1027 1851 1074 capitula.

1118 1129 1369 1166 CAH-tumn
1398 1128 1428 1164 1.

912 1207 1039 1243 Habet
1056 1212 1130 1243 tres
1147 1205 1397 1243 conclusiones
1413 1205 1651 1252 principales.

448 1286 568 1315 ναίω
684 1284 798 1320 Dicto
814 1284 850 1319 in
868 1283 995 1330 primis
1015 1283 1063 1319 de
1081 1282 1314 1330 generatione
1335 1282 1492 1328 speciei;
1517 1288 1556 1319 et
1577 1283 1753 1319 seeundo
1776 1283 1825 1319 de
1845 1282 1911 1327 ejus

447 1322 562 1388 iffi
572 1323 606 1352 ⁰¹
636 1320 939 1388 multiplicatione
954 1346 993 1377 et
1009 1339 1149 1395 figura3
1174 1345 1212 1376 et
1229 1340 1337 1376 tertio
1353 1340 1402 1375 de
1414 1340 1494 1386 ejus
1507 1340 1715 1377 existentia
1729 1340 1769 1376 in
1784 1340 1912 1382 medio;

634 1405 673 1435 et
689 1405 822 1445 quarto
838 1399 887 1434 de
903 1396 1158 1434 debilitatione
1174 1403 1212 1433 et
1228 1397 1308 1444 ejus
1324 1399 1480 1434 annexis
1494 1410 1503 1442 ;
1529 1409 1629 1434 nunc
1647 1398 1784 1445 quinto
1801 1398 1913 1435 dicen-

634 1458 724 1492 dum
741 1462 797 1492 est
814 1457 863 1492 de
887 1455 967 1502 ejus
986 1455 1132 1491 actione
1156 1456 1356 1491 secundum
1381 1466 1509 1491 omnes
1532 1456 1675 1503 gradus
1701 1457 1799 1503 ejus.
1847 1455 1911 1492 Sed

633 1514 732 1550 actio
748 1514 904 1549 univoca
919 1517 977 1548 est
993 1512 1072 1558 ejus
1091 1512 1357 1558 multiplicatio,
1373 1517 1415 1548 ut
1432 1512 1498 1548 lux
1516 1514 1604 1549 facit
1623 1514 1761 1550 lucem.
1813 1514 1914 1550 Actio

633 1583 722 1607 vero
749 1571 951 1616 aequivoca
974 1575 1048 1620 est‚*
1069 1575 1110 1605 ut
1135 1571 1287 1616 quando
1311 1570 1450 1617 species
1480 1570 1567 1607 facit
1592 1571 1742 1617 aliquid
1772 1572 1912 1608 alterius

633 1628 824 1672 essentiae,
839 1633 893 1663 ‘ut
927 1627 993 1662 lux
1026 1627 1114 1664 facit
1146 1627 1307 1663 calorem
1338 1633 1376 1664 et
1402 1627 1484 1664 alia.
1535 1628 1650 1665 Nunc
1686 1630 1805 1676 igitur
1839 1629 1913 1665 lieet

634 1685 880 1732 principaliter
916 1685 1069 1721 intendo
1114 1685 1286 1732 prosequi
1326 1686 1590 1732 aequivocam3
1646 1691 1780 1723 tamen
1823 1686 1913 1734 quod

632 1744 807 1780 omissum
840 1743 889 1778 de
920 1742 1065 1779 actione
1098 1743 1267 1787 univoca,
1299 1748 1478 1790 quantum
1511 1743 1650 1780 scilicet
1689 1746 1741 1781 ad
1778 1745 1915 1781 fortitu·

633 1802 757 1837 dinem
774 1806 811 1836 et
824 1800 1068 1842 debilitatem,
1081 1801 1225 1846 patebit
1239 1801 1307 1837 hic.
1342 1801 1440 1837 Nam
1454 1801 1585 1837 eadem
1600 1808 1662 1838 est
1673 1802 1915 1839 consideratio

632 1858 836 1904 utrobique,
855 1858 921 1893 sed
942 1857 978 1892 in
998 1857 1143 1893 actione
1164 1859 1366 1904 aequivoca
1389 1858 1502 1894 debet
1527 1858 1603 1893 fieri
1627 1858 1852 1896 certificatio
1874 1860 1917 1895 de

631 1915 699 1960 his,
722 1916 810 1962 quia
836 1914 1084 1960 principaliter
1107 1921 1147 1951 et
1171 1916 1290 1963 magis
1314 1916 1454 1953 intenta
1479 1922 1537 1952 est
1559 1928 1584 1952 a
1608 1922 1744 1953 natura
1770 1923 1918 1964 propter

633 1984 754 2009 rerum
770 1972 1044 2019 generationem
1062 1978 1099 2008 et
1117 1973 1386 2019 corruptionem
1404 1973 1439 2009 in
1458 1973 1529 2009 hoc
1547 1974 1700 2010 mundo.

447 2034 522 2078 ‘rhu-t
534 2034 572 2071 by
680 2030 868 2076 Et'primo
885 2031 1193 2066 considerandum
1211 2036 1268 2067 est
1289 2032 1338 2067 de
1361 2032 1586 2078 proprietate
1606 2032 1768 2068 actionis
1788 2044 1915 2069 secun-

444 2071 616 2135 ffiss‘ffffie
631 2089 720 2124 dum
745 2087 871 2131 lineas,
899 2088 1033 2124 deinde
1062 2088 1263 2124 secundum
1289 2089 1424 2135 figuras
1437 2102 1447 2135 ς
1484 2095 1523 2125 et
1558 2090 1679 2136 primo
1712 2092 1915 2127 secundum

446 2148 589 2180 strange-t.
655 2180 663 2194 Ι
1299 2147 1413 2182 lineas
1445 2152 1574 2183 rectas.
1636 2147 1754 2193 Quod
1789 2155 1913 2185 autem

1297 2215 1407 2250 super
1443 2215 1507 2239 eas
1545 2204 1594 2240 sit
1637 2205 1772 2241 melior
1810 2208 1914 2250 actio,

1297 2262 1386 2299 dicit
1398 2262 1619 2299 Aristoteles
1631 2263 1765 2308 quinto
1786 2264 1914 2311 Physi-

1297 2331 1423 2356 corum
1441 2323 1478 2356 et
1495 2320 1627 2366 probat
1649 2320 1754 2364 illud,
1767 2323 1916 2366 dic-mu

1298 2383 1429 2414 natura
1442 2383 1615 2423 operatur
1627 2377 1787 2415 breviori
1803 2380 1916 2416 modo

1298 2446 1373 2481 quo
1389 2440 1522 2480 potest,
1538 2436 1603 2471 sed
1623 2435 1723 2472 linea
1740 2444 1844 2474 recta
1861 2444 1915 2473 est

1298 2492 1511 2529 brevissima
1539 2494 1707 2529 omnium
1737 2495 1915 2531 linearum

880 2527 1005 2563 F¹⁶'⁹⁷'
1298 2551 1493 2586 ductarum
1521 2551 1569 2587 ab
1602 2553 1738 2588 eodem
1776 2560 1916 2599 puncto

629 2607 677 2642 ad
707 2606 807 2642 aliud
837 2613 1015 2653 punctum
1042 2619 1157 2643 unum
1185 2614 1223 2644 et
1252 2607 1363 2653 idem,
1391 2614 1433 2645 ut
1466 2608 1543 2654 ipse
1575 2609 1712 2645 ibidem
1746 2610 1850 2652 dicit,
1879 2617 1916 2646 et

628 2669 732 2710 patet
747 2665 796 2700 ad
812 2665 942 2700 visum.
992 2664 1048 2702 Ut
1072 2665 1102 2701 si
1126 2666 1174 2701 ab
1196 2677 1221 2701 a
1240 2671 1378 2713 puncto
1404 2666 1558 2702 ducatur
1581 2665 1676 2702 linea
1699 2672 1803 2703 recta
1824 2668 1874 2705 ad
1895 2680 1918 2715 q
