2350 3580
612 730 979 765 PERSPECTIVAE
1007 730 1134 764 PARS
1159 730 1383 765 SECUNDA
1399 744 1413 764 .·
1448 733 1569 766 DIST.
1586 733 1653 766 111.
1730 740 1778 775 99

501 819 583 856 sciri
608 820 656 856 de
688 820 761 857 situ
786 827 955 868 respectu
980 821 1088 856 oculi.
1139 820 1239 856 Nam
1263 821 1312 856 de
1335 820 1431 858 sacili
1465 826 1587 868 pot-st
1621 821 1777 868 quilibet

501 877 727 913 differentias
742 879 836 915 situs
847 878 925 923 iarn
948 878 1085 915 elicere.
1138 879 1209 915 Est
1229 878 1326 915 enirn
1350 879 1442 915 situs
1464 879 1613 921 facialis,
1628 879 1778 925 quando

506 946 561 970 res
588 935 766 971 facialiter
788 936 990 983 opponitur
1021 936 1130 972 oculo
1154 936 1213 971 vel
1247 936 1374 978 oculis,
1405 947 1473 972 nec
1504 937 1667 972 elevatur
1704 947 1776 971 una

502 994 728 1034 extremitas,
753 1004 820 1028 nec
843 992 918 1029 alia
950 994 1122 1030 declinat.
1172 994 1226 1029 Et
1249 999 1306 1029 est
1339 995 1431 1030 situs
1463 995 1676 1040 obliquatus
1708 1005 1776 1040 per

502 1050 744 1087 elevationem
770 1051 877 1087 unius
901 1051 1149 1087 extremitatis
1175 1057 1215 1087 et
1240 1052 1514 1099 depressionem
1537 1051 1715 1093 alterius;
1739 1058 1777 1087 et

501 1107 561 1143 hic
577 1108 711 1143 dicitur
727 1109 819 1144 situs
837 1108 1015 1154 obliquus.
1068 1109 1161 1144 Item
1184 1109 1222 1144 in
1241 1110 1314 1144 situ
1334 1108 1454 1145 faciali
1481 1114 1537 1145 est
1553 1110 1646 1144 situs
1662 1108 1777 1157 partis

503 1164 607 1200 um'us
635 1172 802 1212 respectu
831 1166 974 1209 axium,
999 1171 1037 1201 et
1066 1167 1159 1202 aliae
1193 1172 1316 1213 partes
1346 1167 1465 1213 magis
1497 1168 1706 1209 declinant;
1737 1171 1776 1202 et

502 1222 669 1259 similiter
692 1224 730 1259 in
755 1223 828 1260 situ
852 1223 1007 1270 obliquo
1021 1225 1205 1270 quaedam
1230 1230 1356 1270 partes
1380 1230 1465 1261 sunt
1489 1223 1703 1260 remotiores
1727 1223 1777 1259 ab

502 1291 585 1321 axe,
604 1282 785 1326 quaedam
802 1281 1062 1329 proximiores.
1112 1281 1161 1316 Et
1180 1281 1320 1317 dietum
1340 1287 1396 1317 est
1413 1283 1601 1328 quomodo
1617 1281 1658 1316 fit
1675 1292 1776 1316 corn-

502 1338 697 1384 prehensio
714 1345 751 1374 et
768 1350 868 1374 error
883 1339 921 1374 in
938 1339 1109 1375 omnibus
1128 1339 1320 1374 similibus.
1371 1339 1474 1374 Situs
1490 1345 1623 1382 autern,
1641 1340 1702 1384 qui
1719 1344 1777 1374 est

502 1401 608 1432 extra
633 1395 863 1442 pyramidem
897 1407 972 1432 non
1003 1398 1126 1433 solum
1146 1396 1342 1440 visuaiem,
1365 1398 1430 1433 sed
1456 1403 1588 1440 totam,
1613 1395 1777 1433 excludit

501 1453 677 1489 visionem
700 1454 863 1490 omnino.

863 1694 1174 1732 DISTINCTIO
1199 1694 1415 1732 TERTIA.

555 1800 597 1836 ln
625 1812 698 1847 qua
721 1799 974 1836 consideratur
998 1800 1045 1836 de
1070 1798 1205 1846 triplici
1231 1799 1344 1836 modo
1368 1799 1516 1836 videndi
1545 1811 1656 1846 penes
1692 1805 1776 1836 octo

503 1858 701 1905 praedicta,
735 1857 875 1894 habens
914 1863 1057 1905 septem
1099 1857 1272 1904 capitula.
1341 1857 1391 1894 Et
1432 1857 1552 1904 primo
1591 1863 1776 1903 ponuntur

501 1915 676 1963 exempla
701 1915 748 1950 de
775 1915 984 1960 cognitione
1012 1915 1092 1951 solo
1119 1925 1236 1950 sensu.

982 2049 1238 2086 Cam‘rumu
1268 2049 1296 2086 1.

555 2134 627 2171 His
650 2135 788 2171 habitis
811 2147 834 2169 a
859 2140 964 2180 parte
989 2135 1085 2170 oculi
1114 2141 1152 2170 et
1179 2135 1383 2181 specierum
1412 2135 1512 2178 situs,
1538 2145 1634 2170 nunc
1661 2135 1778 2170 consi-

504 2192 706 2229 derandum
732 2191 882 2228 ulterius
901 2192 950 2228 de
970 2191 1103 2239 tripiici
1125 2193 1239 2228 modo
1258 2191 1407 2228 videndi
1434 2202 1547 2238 penes
1572 2197 1657 2228 octo
1683 2202 1779 2238 quae

503 2250 707 2286 necessaria
726 2256 812 2286 sunt
832 2250 910 2286 sine
932 2249 1065 2295 quibus
1089 2260 1161 2286 non
1185 2255 1310 2297 potest
1334 2249 1412 2286 fieri
1434 2250 1536 2286 visio.
1586 2249 1672 2286 Lux
1689 2261 1778 2296 ergo
1794 2254 1874 2282 Peroe
1907 2255 1951 2282 iou

504 2312 541 2342 et
557 2307 659 2342 color
679 2307 850 2343 videntur
875 2307 954 2343 solo
979 2318 1097 2350 sensu,
1114 2313 1152 2342 et
1176 2318 1250 2342 non
1274 2311 1414 2342 erratur
1433 2306 1530 2342 circa
1558 2319 1613 2346 ea.
1632 2308 1778 2353 quando
1792 2290 1845 2355 222}
1858 2296 1963 2356 cottum.

502 2363 593 2400 haec
617 2369 704 2400 octo
726 2376 800 2400 non
823 2364 1059 2411 egrediuntur
1081 2377 1103 2400 a
1121 2376 1188 2399 suo
1210 2369 1528 2411 temperamentog
1554 2364 1669 2400 immo
1692 2370 1779 2401 tune

506 2421 650 2458 videtur
675 2421 739 2456 lux
764 2421 858 2458 sicut
883 2427 949 2463 est,
966 2429 1004 2458 et
1029 2421 1130 2458 color
1154 2422 1251 2456 sicut
1272 2427 1339 2456 est.
1389 2420 1547 2467 Quando
1565 2433 1652 2458 vero
1677 2434 1779 2469 egre>

503 2480 655 2514 <liuntur
678 2491 701 2514 a
725 2491 790 2514 suo
815 2483 1117 2524 temperamento,
1132 2483 1221 2514 tunc
1245 2478 1382 2514 accidit
1403 2491 1501 2514 error
1518 2478 1576 2515 vel
1603 2478 1777 2515 defectus.

506 2536 604 2572 Nam
628 2535 695 2572 lux
719 2535 906 2572 stellarum
931 2537 979 2571 de
1014 2537 1077 2572 die
1108 2547 1183 2571 non
1208 2536 1351 2572 videtur
1379 2537 1527 2582 quando
1554 2537 1601 2572 ad
1634 2535 1778 2572 oculum

504 2594 606 2630 venit
641 2594 830 2640 plenitudo
869 2593 959 2630 lucis
990 2593 1119 2630 solaris
1157 2599 1309 2640 propter
1341 2605 1525 2640 egressum
1561 2593 1654 2630 illius
1689 2593 1778 2630 lucis

507 2663 529 2686 a
550 2656 841 2696 temperamento
865 2657 1030 2698 respectu
1057 2651 1151 2686 oculi
1176 2657 1214 2686 et
1239 2651 1328 2685 lucis
1351 2651 1550 2692 stellarum,
1568 2656 1608 2686 ut
1629 2652 1778 2697 quando

506 2709 617 2744 homo
639 2714 694 2744 est
720 2709 756 2744 in
777 2708 966 2755 superficie
988 2709 1100 2754 putei,
1121 2709 1168 2743 ad
1190 2708 1268 2753 ejus
1290 2707 1416 2744 oculos
1435 2708 1537 2743 venit
1561 2708 1625 2743 lux
1652 2707 1778 2744 solaris

505 2765 717 2813 principalis
746 2766 930 2801 excellens
960 2765 1077 2801 lucem
1110 2765 1299 2801 stellarum
1328 2765 1577 2812 principalem.
1642 2765 1716 2802 Sed
1747 2766 1777 2802 si

502 2823 617 2859 homo
658 2823 908 2868 ingrederetur
947 2823 1166 2869 profundum
1212 2823 1314 2868 putei
1350 2822 1492 2857 videret
1526 2822 1649 2857 stellas
1685 2834 1778 2868 quae

503 2885 626 2916 essent
657 2892 766 2926 super
792 2886 902 2926 caput
930 2880 1030 2926 ejus;
1070 2891 1142 2915 non
1171 2880 1292 2916 solum
1323 2885 1474 2925 propter
1503 2891 1649 2915 causam
1678 2881 1778 2926 prius

505 2944 658 2979 tactam,
684 2939 747 2974 sed
778 2944 929 2984 propter
957 2939 1028 2973 hoc
1053 2938 1152 2984 quod
1185 2943 1452 2983 temperaretur
1476 2936 1543 2973 lux
1567 2937 1706 2978 solaris,
1732 2948 1777 2974 eo
