2350 3580
438 830 526 867 Many

437 867 582 896 attributes

438 903 472 931 of
481 903 555 939 body

437 939 477 968 do
487 944 545 968 not.

438 975 460 1003 S
514 976 555 1004 les

621 511 690 555 426
916 511 1053 545 MULT
1047 510 1204 545 IPLICA
1210 511 1241 544 Y
1236 511 1289 545 10
1314 510 1599 545 SPECIERUAI.

623 606 705 637 rent
728 601 850 637 dicere
877 601 1070 637 materiam
1099 601 1227 648 aliquo
1255 601 1368 637 modo
1398 612 1518 648 agere,
1547 605 1672 647 potest
1697 600 1777 637 dici
1806 599 1908 647 quod

623 659 778 695 materia
795 657 897 695 nullo
912 658 1025 696 modo
1042 657 1130 695 facit
1146 659 1319 706 speciem,
1334 659 1399 695 sed
1417 669 1485 705 per
1500 658 1684 695 actionem
1702 658 1909 704 compositi

624 721 663 752 ct
680 715 818 752 formae
831 722 1026 763 generatur
1036 717 1176 764 species
1193 717 1368 753 materiae
1382 715 1576 763 specificae
1591 716 1690 752 sicut
1708 721 1751 752 et
1766 715 1909 752 formae

624 779 663 810 et
679 773 884 820 compositi,
899 779 944 811 ut
957 779 1098 811 tactum
1116 778 1172 810 oet
1188 774 1300 820 prius.

672 831 762 867 Alia
782 836 909 867 autem
924 831 1141 877 corporalia,
1156 842 1253 878 quae
1270 830 1432 868 maxime
1452 831 1634 867 accedunt
1652 830 1704 867 ad
1722 830 1797 867 ista
1813 831 1908 867 acci·

622 888 759 932 dentia,
774 895 860 925 sunt
881 890 1069 925 sensibilia
1089 890 1309 932 communia,
1325 890 1413 935 quia
1438 899 1505 935 per
1527 900 1568 925 se
1592 893 1681 925 sunt
1706 888 1908 930 sensibilia,

623 952 664 983 ut
692 945 916 983 Aristoteles
942 947 1045 991 dicit,
1069 957 1166 993 quae
1192 952 1289 985 sunt
1303 946 1531 993 magnitudo,
1555 946 1685 993 figura,
1720 957 1907 989 nummis,

438 1021 453 1039 a
476 1013 568 1048 «αι-ης
623 1008 748 1039 motus
764 1009 802 1039 et
815 1003 1028 1049 hujusmodi
1042 1015 1159 1050 usque
1175 1004 1224 1041 ad
1241 1003 1385 1050 viginti,
1394 1014 1479 1040 cum
1496 1003 1549 1040 eis
1562 1014 1659 1049 quae
1676 1004 1908 1040 reducuntur

435 1048 520 1076 vision
526 1057 606 1077 come

439 1084 528 1120 solely
539 1085 609 1113 imm

622 1062 672 1097 ad
689 1061 763 1105 illa,
773 1062 869 1097 sicut
885 1061 1053 1097 habitum
1070 1068 1127 1098 est
1140 1062 1253 1108 prius.
1291 1062 1350 1098 De
1366 1061 1423 1098 his
1433 1072 1522 1097 vero
1537 1061 1627 1097 dicit
1640 1059 1906 1097 Ptolemaeus¹

521 1120 577 1149 md
623 1119 660 1154 in
677 1119 841 1155 secundo
859 1118 953 1155 libro
969 1119 1017 1155 de
1030 1119 1265 1165 Aspectibus,
1277 1119 1380 1165 quod
1396 1130 1471 1155 non
1487 1118 1623 1155 faciunt
1641 1119 1856 1165 passionem
1872 1118 1908 1154 in

437 1120 520 1186 Ἠοῖ,
534 1178 543 1185 .

622 1177 739 1213 visum
763 1175 918 1213 similem
943 1177 996 1213 cis
1025 1178 1174 1213 nomine
1206 1182 1245 1213 et
1273 1176 1498 1219 delinitione,
1526 1175 1590 1212 sed
1619 1175 1743 1213 solum
1772 1176 1841 1211 lux
1869 1180 1908 1211 et

622 1233 725 1270 color
753 1233 848 1269 hanc
874 1233 1023 1278 faciunt,
1047 1245 1143 1280 quae
1171 1234 1295 1280 passio
1326 1234 1539 1270 nominatur
1569 1234 1618 1269 ab
1642 1245 1689 1269 eo
1721 1233 1908 1269 coloratio

623 1297 661 1327 et
686 1292 916 1328 illuminatio.
965 1292 1055 1327 Alia
1079 1298 1204 1329 autem
1228 1292 1416 1328 sensibilia
1443 1290 1813 1338 comprehenduntur
1842 1302 1908 1337 per

623 1348 734 1385 aliam
747 1349 855 1394 viam,
865 1354 906 1385 ut
918 1350 1148 1386 determinat.
1184 1349 1235 1386 Et
1254 1349 1326 1385 hoc
1342 1350 1441 1385 idem
1458 1349 1538 1385 vult
1552 1348 1720 1385 Alhazen
1739 1349 1907 1385 secundo

626 1406 869 1454 Aspectuum‚
892 1413 932 1444 et
957 1418 1135 1454 expresse
1158 1407 1381 1444 determinat
1405 1407 1476 1442 hoc
1500 1412 1634 1453 quarto
1654 1405 1907 1452 Aspectuum,

623 1464 751 1500 dicens
783 1465 885 1510 quod
917 1464 1007 1500 nihil
1038 1464 1139 1501 venit
1171 1476 1194 1501 a
1226 1465 1440 1511 corporibus
1472 1464 1539 1500 nisi
1571 1464 1714 1510 species
1744 1464 1839 1500 lucis
1868 1468 1906 1499 et

623 1521 764 1557 coloris.
802 1521 852 1557 Et
870 1527 1023 1567 uterque
1036 1521 1257 1557 determinat
1273 1521 1367 1557 hanc
1378 1521 1477 1557 viam
1489 1521 1610 1563 aliam,
1621 1526 1777 1567 propter
1789 1531 1904 1567 quam

623 1578 723 1615 visus
737 1577 857 1615 solum
876 1590 949 1615 non
966 1578 1100 1615 sufficit
1122 1579 1169 1615 ad
1183 1579 1425 1625 judicandum
1444 1579 1637 1615 veritatem
1659 1577 1818 1622 horum;
1838 1589 1906 1614 nec

624 1636 659 1672 ei
684 1636 895 1672 attribuitur
919 1636 1098 1682 judicium
1125 1636 1174 1672 de
1202 1636 1294 1680 aliis,
1318 1636 1383 1672 sed
1413 1636 1494 1672 aliis
1519 1636 1716 1672 virtutibus
1744 1635 1907 1676 animae,

625 1694 812 1730 mediante
834 1693 913 1729 visu
937 1693 995 1730 vel
1019 1700 1123 1730 tactu
1147 1693 1205 1730 vel
1229 1693 1313 1730 alio.
1365 1693 1476 1730 Unde
1492 1692 1660 1729 Alhazen
1682 1692 1784 1736 dicit,
1803 1692 1905 1739 quod

625 1752 742 1787 virtus
774 1751 985 1787 distinctiva
1017 1757 1055 1787 et
1091 1751 1339 1788 ratiocinativa
1376 1751 1465 1787 haec
1500 1750 1681 1796 judicant,
1714 1751 1907 1786 mediante

624 1820 732 1851 sensu
759 1808 982 1856 particulari.
1028 1808 1080 1844 Et
1107 1808 1246 1844 Tideus
1274 1809 1322 1844 de
1350 1808 1580 1855 Aspectibus
1607 1808 1664 1843 his
1692 1808 1907 1850 concordat,

623 1866 750 1903 volens
772 1867 873 1913 quod
897 1867 1007 1903 situm
1030 1872 1069 1902 et
1091 1866 1247 1913 figuram
1267 1872 1306 1902 et
1328 1866 1619 1913 magnitudinem
1635 1870 1673 1901 et
1690 1865 1905 1911 hujusmodi

626 1935 702 1960 non
727 1929 850 1970 potest
873 1924 972 1960 visus
996 1935 1216 1972 cognoscere
1242 1924 1311 1960 nisi
1336 1924 1477 1970 species
1497 1923 1595 1959 visus
1618 1922 1723 1958 fieret
1747 1923 1798 1959 ad
1826 1933 1903 1958 rem

624 1982 753 2028 ipsam,
779 1979 954 2029 quoniam
978 1982 1119 2029 species
1151 1982 1305 2018 istorum
1331 1981 1556 2018 sensibilium
1589 1981 1796 2016 contrariae
1829 1991 1904 2016 non

625 2039 720 2075 fiunt
739 2051 762 2075 a
784 2041 903 2084 rebus,
928 2041 1131 2076 secundum
1153 2051 1250 2075 eum.
1302 2039 1353 2076 Et
1369 2039 1468 2075 istud
1485 2036 1614 2085 patet⁸
1631 2049 1697 2084 per
1712 2038 1784 2073 hoc
1802 2038 1904 2084 quod

625 2109 694 2134 nos
719 2098 942 2145 percipimus
967 2098 1085 2134 visum
1116 2098 1193 2144 pati
1222 2108 1245 2133 e
1274 2097 1358 2133 sorti
1388 2097 1469 2132 luce
1496 2100 1534 2131 et
1563 2095 1694 2136 colore.
1719 2095 1774 2132 ita
1801 2096 1903 2141 quod

625 2155 775 2202 quando
794 2156 1009 2202 aspeximus
1031 2155 1164 2191 sortem
1184 2154 1304 2191 lucem
1321 2154 1380 2191 vel
1399 2154 1569 2197 colorem,
1586 2158 1624 2189 et
1646 2159 1905 2190 convertamus

626 2224 694 2250 nos
721 2218 850 2259 postea
883 2213 932 2249 ad
961 2212 1034 2249 alia
1063 2212 1220 2249 visibilia
1249 2212 1437 2248 debilioris
1466 2211 1559 2248 lucis
1586 2217 1624 2248 et
1654 2211 1798 2254 coloris,
1830 2222 1903 2248 non

624 2271 751 2307 statim
788 2270 1007 2317 percipimus
1040 2270 1104 2306 illa
1136 2269 1209 2306 alia
1242 2269 1408 2314 visibilia,
1439 2274 1589 2316 propter
1624 2269 1903 2315 impressionem

625 2328 745 2364 adhuc
765 2334 1017 2365 remanentem
1041 2339 1065 2363 a
1088 2327 1172 2364 sorti
1197 2327 1322 2363 colore
1342 2326 1399 2363 vel
1424 2328 1515 2370 luce,
1531 2327 1597 2363 sed
1617 2337 1702 2361 cum
1721 2326 1902 2372 paulatim

625 2387 818 2428 evanescit,
841 2391 1102 2432 augmentatur
1124 2385 1217 2422 visio
1247 2393 1284 2421 et
1313 2385 1559 2432 apprehensio
1587 2395 1708 2421 rerum
1745 2383 1903 2420 illarum.

626 2443 702 2480 Sed
720 2444 789 2480 hoc
806 2455 880 2480 non
896 2443 1029 2480 accidit
1048 2444 1154 2480 nobis
1171 2444 1208 2479 in
1224 2444 1384 2480 videndo
1407 2443 1502 2480 forte
1518 2444 1671 2480 densum
1687 2441 1748 2478 vel
1769 2453 1904 2484 rarum,

623 2501 683 2538 vel
699 2513 869 2548 asperum
885 2502 944 2538 vel
962 2502 1052 2543 lene,
1068 2502 1127 2537 vel
1145 2498 1434 2548 magnitudinem
1451 2502 1508 2537 vel
1531 2500 1828 2546 corporeitatem,
1845 2499 1902 2536 vel

626 2559 792 2606 figuram,
803 2560 862 2596 vel
879 2560 1099 2606 hujusmodi,
1111 2560 1262 2605 quando
1279 2565 1408 2605 postea
1424 2560 1623 2606 aspicimus
1638 2556 1711 2593 alia
1723 2557 1902 2601 visibilia;

626 2623 664 2653 et
694 2629 760 2663 per
785 2617 858 2653 hoc
884 2617 1020 2653 scimus
1042 2618 1142 2663 quod
1172 2628 1299 2653 sensus
1325 2628 1398 2652 non
1429 2617 1566 2663 patitur
1592 2616 1640 2651 ab
1667 2615 1724 2651 his
1752 2615 1849 2651 sicut
1879 2627 1902 2651 a

625 2675 856 2711 sensibilibus
872 2675 1039 2722 propriis.
1092 2675 1187 2711 Item
1209 2675 1239 2711 si
1263 2686 1336 2711 non
1354 2680 1449 2710 esset
1469 2675 1633 2716 densum,
1649 2684 1672 2708 a
1692 2678 1798 2719 parte
1815 2678 1901 2719 post

806 2754 815 2772 ¹
835 2755 893 2783 See
905 2754 979 2782 Ptol.
995 2754 1070 2789 Ope„
1082 2763 1129 2790 pp.
1143 2755 1225 2790 8—13.
1502 2753 1514 2771 ¹
1531 2753 1574 2782 Cf.
1588 2761 1615 2788 p.
1632 2760 1692 2787 roa.
