2350 3580
830 675 958 711 PARS
986 675 1164 709 PRIMA.-
1204 676 1303 711 αι».
1336 676 1393 713 νι.
1684 687 1750 723 451

477 762 530 800 Et
547 765 712 801 maxime
727 765 822 811 ignis
841 766 912 802 hoc
923 765 1019 807 facit.
1032 766 1119 812 quia
1132 767 1252 812 magis
1263 772 1322 803 est
1334 767 1468 810 nobile,
1483 772 1524 805 et
1536 768 1621 805 ideo
1632 769 1751 816 magis

475 821 650 867 activum,
666 827 703 858 et
720 823 845 859 omnia
861 823 1062 870 corporalia
1083 835 1158 860 non
1182 823 1360 860 coelestia
1380 825 1416 860 in
1436 836 1478 861 se
1501 831 1751 869 convertes-en

476 883 515 916 et
531 884 659 926 ageret
675 880 711 916 in
728 879 922 922 infinitum,
938 880 970 916 si
988 881 1020 916 ei
1039 881 1192 918 materia
1208 881 1476 918 combustibilis
1494 889 1752 930 apponeretur,

475 937 677 974 secundum
692 937 792 984 quod
810 938 891 975 vult
906 938 1125 976 Aristoteles
1141 939 1305 976 secundo
1321 940 1370 976 de
1387 939 1546 982 Anima;
1569 941 1657 977 licet
1678 941 1750 978 hoc

475 995 628 1030 verbum
646 995 782 1031 habeat
797 1007 903 1031 suam
919 996 1203 1042 expositionem,
1220 1002 1260 1032 ut
1279 1002 1450 1043 tangetur
1466 1003 1561 1044 post.
1608 998 1750 1034 verum

475 1062 553 1088 non
568 1051 686 1089 solum
704 1052 877 1090 effectum
892 1065 1000 1090 suum
1017 1053 1182 1101 complet
1203 1053 1242 1090 in
1266 1054 1467 1097 elementis,
1484 1057 1551 1092 sed
1566 1056 1603 1092 in
1621 1056 1750 1092 mixtis

477 1110 656 1146 omnibus.
705 1110 796 1147 Alia
822 1122 910 1147 vero
934 1111 1116 1148 elementa
1145 1123 1220 1148 non
1250 1117 1396 1149 tantum
1422 1119 1576 1160 possunt
1605 1113 1749 1157 sacere;

476 1172 563 1203 sunt
579 1168 677 1203 enim
703 1168 817 1214 longe
837 1168 1024 1204 debilioris
1045 1169 1281 1217 operationis,
1304 1175 1342 1205 et
1363 1170 1497 1206 multas
1516 1171 1750 1217 operationes

476 1224 617 1261 debiles
634 1230 671 1261 et
693 1225 921 1262 insensibiles
937 1225 1081 1262 faciunt.
1133 1226 1186 1262 Et
1208 1227 1279 1263 hae
1300 1227 1401 1263 solae
1421 1228 1649 1264 substantiae
1671 1239 1751 1264 cor·

476 1283 622 1328 poi-ales
643 1288 797 1330 possunt
817 1294 901 1320 suas
917 1284 1058 1330 species
1075 1284 1263 1333 complere
1287 1285 1323 1321 in
1345 1283 1497 1321 effectus
1520 1296 1607 1322 suos
1623 1285 1750 1330 saetas,

475 1340 615 1376 scilicet
632 1341 669 1377 in
687 1341 911 1388 patientibus
927 1347 1036 1377 extra
1051 1353 1123 1379 ens.
1176 1341 1290 1379 Unde
1310 1353 1376 1378 nec
1400 1343 1522 1379 mixta
1538 1343 1749 1387 inanimata,

475 1407 544 1433 nec
569 1399 733 1435 animata
762 1404 935 1445 generata
962 1411 1011 1434 ex
1041 1399 1321 1445 putrefactione,
1347 1411 1414 1435 nec
1443 1406 1658 1446 propagata,
1683 1411 1750 1436 nec

475 1454 650 1492 coelestia
680 1455 817 1492 faciunt
846 1456 913 1492 nisi
941 1456 1084 1503 species
1110 1468 1196 1493 :uas
1225 1456 1261 1493 in
1292 1456 1400 1492 rebus
1425 1459 1555 1494 mundi
1582 1459 1636 1494 eis
1664 1469 1750 1505 pro·

477 1513 624 1559 pinquis
657 1519 765 1550 extra
797 1525 846 1550 se.
898 1513 982 1551 Hoc
1010 1514 1092 1550 dico
1126 1520 1281 1561 propter
1307 1514 1454 1561 plantas
1481 1520 1518 1550 et
1547 1519 1684 1550 matres
1713 1515 1750 1550 in

475 1571 706 1614 animalibus,
717 1582 815 1617 quae
830 1572 866 1607 in
882 1573 1022 1607 semine
1037 1572 1161 1607 deciso
1175 1571 1372 1618 perficiunt
1390 1572 1527 1618 species
1545 1572 1583 1607 in
1599 1572 1750 1608 effectus

475 1626 681 1675 completos
704 1640 788 1664 eum
814 1629 997 1676 adjutorio
1012 1630 1159 1665 virtutis
1174 1630 1268 1665 coeli
1292 1634 1330 1665 et
1350 1622 1537 1666 motorum
1555 1630 1592 1665 in
1612 1629 1750 1666 coeles·

475 1685 586 1723 tibus.
637 1685 712 1723 Sed
744 1692 870 1723 tamen
903 1697 971 1723 nee
1004 1686 1153 1732 plantae
1186 1697 1254 1723 nee
1288 1693 1424 1723 matres
1457 1686 1632 1723 facientes
1665 1697 1750 1722 suas

475 1744 618 1790 species
634 1745 671 1781 in
688 1744 901 1792 corporibus
926 1750 1094 1781 extra-se
1115 1745 1306 1792 complent
1327 1755 1401 1788 eas,
1414 1745 1515 1781 velut
1532 1743 1626 1790 ignis
1649 1755 1751 1781 eom·

476 1800 556 1847 plet
579 1802 739 1848 speeiem
766 1803 901 1838 saetam
926 1803 961 1838 in
991 1803 1092 1848 lIgno
1121 1803 1154 1837 ei
1184 1802 1482 1848 appropinquato
1510 1808 1617 1838 extra
1647 1812 1688 1837 se
1712 1800 1749 1836 in

478 1858 650 1896 effectum
668 1859 817 1907 plenum
835 1859 991 1896 similem
1008 1860 1042 1895 ei
1061 1859 1210 1895 nomine
1225 1865 1263 1895 et
1280 1858 1505 1896 definitione.

527 1915 603 1952 Sed
625 1917 884 1964 gravissimum
904 1917 1058 1953 dubium
1084 1923 1140 1953 est
1163 1917 1202 1952 in
1221 1917 1293 1952 hac
1315 1923 1432 1964 parte,
1450 1927 1497 1952 eo
1518 1917 1618 1963 quod
1645 1915 1748 1951 nobi·
1763 1926 1934 1964 whymixaed

477 1973 568 2010 liora
599 1980 687 2011 sunt
715 1974 839 2010 omnia
870 1975 1000 2020 mixta,
1029 1975 1230 2010 inanimata
1254 1980 1293 2010 et
1318 1975 1479 2010 animata
1504 1979 1543 2009 et
1566 1964 1928 2015 coelestia.¹'¹⁵“⁸¹¹⁰‘⁸²

476 2043 588 2078 quam
606 2031 801 2075 elementa,
821 2037 858 2068 et
876 2033 959 2068 ideo
977 2033 1112 2068 habent
1138 2033 1221 2078 plus
1243 2033 1290 2067 de
1310 2033 1445 2067 virtute
1461 2031 1590 2076 activa,
1606 2036 1645 2067 et
1665 2031 1747 2067 ideo
1763 2035 1935 2064 nobkrthan

477 2089 515 2125 in
533 2089 686 2126 materia
704 2090 830 2126 mundi
849 2089 968 2136 magis
982 2089 1150 2126 videntur
1166 2100 1275 2136 posse
1290 2089 1476 2136 complere
1492 2100 1576 2126 uuas
1597 2088 1747 2136 species.
1763 2071 1936 2136 mm·

477 2147 559 2182 Nec
584 2153 640 2182 est
669 2147 974 2193 impedimentum
1001 2158 1067 2193 per
1092 2147 1163 2182 hoc
1190 2149 1290 2193 quod
1311 2147 1388 2182 dici
1414 2146 1521 2190 solet,
1545 2147 1644 2192 quod
1674 2157 1747 2182 non
1763 2144 1916 2209 gundo

475 2209 534 2240 ent
556 2205 727 2251 aptitudo
751 2216 775 2240 a
799 2210 903 2250 parte
929 2205 1104 2240 materiae
1129 2205 1256 2240 mundi
1274 2205 1321 2240 ad
1345 2209 1421 2239 tam
1447 2202 1588 2240 nobiles
1612 2201 1750 2239 formas
1795 2190 1810 2209 ὲ
1823 2189 1907 2209 ⁵⁸¹¹*

477 2261 717 2309 complendas
741 2267 783 2299 ut
807 2273 1001 2308 corporum
1031 2260 1243 2298 coelestium
1270 2268 1307 2298 et
1332 2261 1534 2303 hominum,
1561 2266 1597 2297 et
1622 2260 1750 2307 hujus·

476 2320 578 2356 modi
595 2323 895 2365 propagatorum.
946 2318 1132 2365 Quoniam
1150 2319 1183 2354 si
1200 2323 1405 2364 quaeratur,
1421 2329 1504 2354 cum
1527 2318 1750 2354 elementum

476 2377 556 2423 agit
579 2377 618 2412 in
644 2377 801 2412 mlxtum
829 2376 886 2412 vel
918 2377 954 2411 in
983 2377 1082 2412 aliud
1114 2376 1347 2420 elementum,
1374 2387 1470 2421 quae
1494 2380 1550 2411 est
1578 2376 1749 2421 aptitudo

475 2443 499 2469 a
530 2438 637 2480 parte
671 2433 845 2469 materiae
878 2433 1063 2478 naturalis,
1097 2444 1170 2469 non
1208 2437 1330 2479 potest
1363 2432 1450 2475 dici,
1478 2432 1546 2468 nisi
1572 2432 1658 2478 quia
1687 2431 1750 2468 illa

475 2489 631 2527 materia
656 2496 746 2536 apta
778 2495 866 2525 nata
897 2495 963 2534 est,
992 2495 1030 2527 et
1056 2490 1169 2526 habet
1201 2489 1445 2535 aptitudinem
1474 2488 1674 2524 naturalem
1699 2489 1748 2524 ad

475 2548 619 2594 specim
643 2547 807 2583 diversas
830 2553 868 2582 et
892 2558 1105 2583 communes
1131 2548 1195 2582 eis.
1247 2547 1299 2582 Et
1323 2547 1414 2582 haec
1439 2547 1638 2581 secundum
1655 2547 1748 2581 veri-

475 2610 593 2641 tatem
628 2610 686 2641 est
719 2604 876 2640 essentia
914 2603 1068 2651 alicujus
1105 2604 1250 2651 generis
1287 2603 1458 2650 proximi,
1492 2613 1586 2649 quae
1623 2606 1678 2639 eet
1711 2602 1750 2638 in

475 2662 641 2709 potentia
677 2662 725 2698 ad
755 2662 898 2709 species
926 2661 1124 2698 contrarias
1154 2668 1193 2698 et
1225 2666 1315 2706 apta
1346 2666 1434 2696 nata
1465 2660 1514 2696 ad
1546 2665 1749 2705 utramque,

475 2725 518 2756 ut
557 2719 764 2755 substantia
806 2730 981 2764 corporea
1019 2730 1092 2755 non
1131 2718 1299 2754 coelestis
1332 2723 1388 2754 est
1421 2718 1458 2753 in
1492 2717 1659 2762 potentia
1698 2717 1747 2753 ad

475 2776 703 2813 elementum,
730 2781 767 2812 et
797 2777 968 2820 mixtum,
994 2782 1031 2812 et
1061 2787 1118 2812 res
1145 2775 1352 2822 significata
1381 2786 1447 2822 per
1471 2774 1566 2810 hane
1595 2775 1749 2811 circum·

475 2833 697 2872 locutionem
724 2838 781 2870 ent
801 2833 1007 2880 subjectum
1026 2839 1061 2869 et
1085 2833 1239 2870 materia
1256 2833 1293 2868 in
1319 2831 1623 2868 transmutatione
1641 2831 1748 2866 mixti

475 2892 516 2930 in
546 2891 783 2934 elementum,
810 2896 849 2927 et
875 2902 896 2926 e
923 2892 1113 2927 contrario.
1170 2891 1223 2926 Et
1254 2891 1404 2935 quando
1436 2888 1661 2925 elementum
1693 2893 1748 2925 eet

475 2982 652 3011 ”nemun
