2350 3580
590 688 659 734 3⁶0
827 689 1000 724 OPERIS
1025 689 1234 729 MAJORJS
1260 689 1387 724 PARS
1413 688 1635 724 SEPTIMA.

595 781 720 817 inanes
746 786 782 816 et
808 779 908 816 leves
932 790 1063 816 causae
1088 790 1154 826 per
1174 779 1304 816 urbem
1332 779 1607 816 circumducunt
1632 785 1671 816 et
1696 776 1794 829 [qui]
1820 779 1867 816 ad

594 838 799 884 augendam
826 838 972 873 turbam
1002 843 1165 874 exeunt.
1188 864 1222 872 ..
1239 837 1390 883 quidam
1418 834 1553 886 [quasi]
1583 837 1629 872 ad
1661 837 1869 873 Incendium

595 899 741 930 currunt
757 899 821 930 aut
839 894 1032 930 salutaturi
1052 891 1248 943 [aliquem]
1266 905 1342 930 non
1359 895 1652 935 resalutaturum,
1674 899 1738 930 aut
1760 893 1869 930 funus

596 952 710 999 ignoti
734 951 892 988 hominis
911 951 1137 998 prosecuturi
1148 950 1172 987 ¹.
1194 979 1201 988 .
1221 977 1230 986 .
1249 978 1259 987 .
1276 950 1339 987 Ex
1363 951 1436 988 hoc
1456 952 1554 988 malo
1576 952 1761 999 dependet
1777 950 1867 988 illud

594 1010 828 1046 temerarium
850 1009 990 1052 vitium,
1014 1009 1234 1046 auscultatio
1259 1013 1297 1044 et
1316 1009 1547 1054 publicorum
1572 1016 1869 1054 secretorumque

595 1068 788 1112 inquisitio,
803 1073 839 1103 et
859 1066 1054 1103 multarum
1074 1077 1192 1102 rerum
1211 1067 1372 1108 scicntia,
1383 1078 1478 1112 quae
1496 1079 1564 1102 nec
1581 1072 1663 1103 tuto
1679 1072 1869 1103 narrantur

596 1136 661 1161 nec
677 1129 759 1161 tuto
775 1125 983 1160 audiuntur.

410 1189 555 1232 tiq'rm-
644 1181 748 1218 'Hoc
772 1187 937 1218 secutum
962 1178 1085 1230 [puto]
1110 1181 1365 1218 Democritum
1390 1183 1443 1218 ita
1463 1182 1649 1229 coepisse:
1676 1181 1752 1228 Qui
1767 1188 1869 1218 tran·

408 1225 555 1299 ᾉᾞΠξέξῆ
593 1239 708 1285 quine
724 1239 824 1275 volet
846 1239 977 1282 vivere,
999 1250 1068 1274 nec
1090 1239 1260 1285 privatim
1283 1245 1371 1285 agat
1398 1239 1513 1274 multa
1536 1251 1603 1275 nec
1626 1239 1795 1286 publice;
1820 1239 1867 1274 ad

595 1308 819 1344 supervacua
846 1293 1110 1345 [referentemJ.
1128 1323 1137 1333 .
1157 1323 1165 1333 .
1185 1323 1192 1332 .
1212 1296 1310 1332 Nam
1331 1296 1394 1343 qui
1416 1296 1532 1333 multa
1553 1297 1631 1343 agit
1656 1308 1769 1343 saepe
1796 1295 1869 1332 sor·

596 1360 706 1391 tunae
730 1355 786 1390 sui
811 1360 1033 1402 potestatem
1061 1354 1157 1398 facit,
1182 1365 1293 1400 quam
1321 1354 1545 1390 tutissimum
1570 1360 1626 1391 est
1646 1366 1729 1390 raro
1755 1366 1869 1401 expe·

596 1412 664 1453 riri,
683 1409 879 1461 [ceterum]
892 1423 1037 1459 semper
1059 1412 1105 1447 de
1128 1411 1190 1447 illa
1208 1412 1369 1459 cogitare
1385 1418 1423 1448 et
1441 1412 1528 1447 nihil
1545 1412 1616 1447 sibi
1632 1412 1681 1447 de
1698 1411 1773 1447 fide
1788 1412 1869 1459 ejus

596 1470 819 1515 promittere.
839 1496 846 1504 .
868 1496 875 1505 .
895 1496 902 1504 .
922 1469 1005 1505 Hoc
1023 1475 1080 1505 est
1097 1480 1212 1515 quare
1228 1470 1383 1515 sapienti
1408 1469 1496 1504 nihil
1514 1474 1641 1505 contra
1658 1470 1867 1516 opinionem

595 1527 759 1563 dicamus
783 1528 961 1563 accidere.
1012 1526 1097 1562 Non
1127 1526 1230 1563 illum
1254 1527 1399 1563 casibus
1423 1526 1614 1563 hominurn
1634 1527 1869 1573 excerpimus

595 1585 659 1621 sed
677 1585 879 1621 erroribus:
910 1595 975 1621 nec
999 1585 1050 1620 illi
1070 1581 1225 1634 [omnia]
1243 1590 1285 1621 ut
1308 1585 1422 1621 voluit
1445 1585 1589 1626 cedunt,
1612 1585 1675 1621 secl
1703 1590 1745 1621 ut
1768 1585 1867 1630 cogi-

597 1643 699 1678 tavit.
750 1642 934 1688 Imprimis
950 1648 1074 1678 autem
1092 1643 1268 1688 cogitavit
1285 1642 1423 1687 aliquid
1449 1653 1556 1688 posse
1578 1642 1774 1689 propositis
1793 1643 1869 1678 suis

597 1701 772 1735 resistere.
826 1700 983 1736 Necesse
1012 1706 1066 1735 est
1101 1706 1228 1734 autem
1261 1698 1376 1735 levius
1407 1701 1454 1735 ad
1490 1701 1652 1735 animum
1683 1700 1869 1747 pervenire

595 1757 794 1793 destitutae
835 1757 1045 1803 cupiditatis
1079 1757 1256 1799 dolorem,
1290 1757 1347 1794 cui
1387 1768 1595 1793 successum
1638 1767 1712 1792 non
1744 1757 1869 1803 utique

595 1815 813 1860 promiseris.

410 1876 537 1911 C‘va
644 1875 652 1890 ‘
668 1872 808 1907 Faciles
832 1883 899 1907 nos
923 1871 1040 1908 facere
1059 1873 1236 1907 debemus
1263 1883 1308 1907 ne
1334 1873 1439 1908 nimis
1461 1873 1654 1908 destinatis
1681 1873 1787 1909 rebus
1813 1873 1868 1908 in-

597 1928 846 1976 dulgeamus&
857 1934 1161 1975 transeamusque
1172 1927 1245 1978 [in]
1259 1942 1301 1965 ea
1313 1930 1350 1966 in
1363 1940 1456 1976 quae
1468 1940 1534 1966 nos
1545 1941 1650 1966 casus
1661 1930 1869 1973 deduxerit.

597 1998 664 2024 nec
679 1987 881 2023 mutatione
899 1993 961 2023 aut
979 1998 1083 2023 casus
1101 1992 1163 2023 aut
1183 1987 1323 2023 consilii
1348 1988 1645 2034 pertimescamus
1665 1988 1869 2024 dummodo

598 2057 664 2080 nos
687 2045 826 2086 levitas,
852 2045 1139 2079 inimicissimum
1164 2045 1276 2090 quieti
1296 2046 1434 2088 vitium,
1454 2056 1525 2080 non
1543 2046 1716 2090 excipiat.
1768 2045 1867 2081 Nam

597 2109 633 2138 et
651 2102 876 2150 pertinacia³
893 2113 1039 2137 necesse
1057 2108 1112 2138 est
1130 2102 1241 2137 anxia
1259 2109 1299 2138 et
1316 2102 1447 2138 misera
1464 2105 1510 2138 sit
1530 2130 1538 2137 .
1556 2129 1565 2137 .
1583 2130 1592 2138 .
1609 2102 1738 2138 levitas
1752 2102 1869 2138 multo

595 2161 750 2206 gravior,
766 2157 944 2205 nusquam
963 2170 1002 2194 se
1026 2160 1223 2195 continens.
1276 2159 1485 2206 Utrumque
1507 2159 1678 2196 infestum
1697 2167 1752 2196 est
1770 2166 1868 2196 tran-

597 2217 779 2263 quillitati,
797 2222 832 2251 et
850 2216 939 2252 nihil
959 2221 1101 2252 mutare
1125 2229 1241 2264 posse,
1261 2225 1296 2252 et
1319 2217 1407 2253 nihil
1432 2218 1516 2265 pati.
1570 2217 1710 2263 Utique
1727 2218 1869 2253 animus

596 2276 644 2310 ab
669 2275 839 2310 omnibus
863 2275 1026 2309 externis
1052 2275 1085 2309 in
1112 2287 1152 2309 se
1179 2276 1403 2311 revocandus
1427 2281 1505 2316 vest;
1538 2275 1608 2311 sibi
1634 2275 1808 2318 confidat,
1829 2288 1869 2311 se

596 2332 766 2378 gaudeat,
790 2343 857 2368 sua
882 2332 1065 2378 suspiciat,
1083 2333 1230 2369 recedat
1252 2338 1432 2378 quantum
1458 2338 1581 2378 potest
1605 2333 1654 2368 ab
1676 2333 1812 2374 alienis.
1832 2340 1867 2369 et

596 2391 664 2427 sibi
681 2390 852 2436 applicet,
872 2391 1008 2424 damna
1026 2402 1099 2424 non
1118 2391 1263 2432 sentiat,
1281 2391 1392 2424 etiam
1411 2391 1563 2424 adversa
1585 2391 1742 2436 benigne
1758 2391 1868 2427 inter-

597 2452 768 2493 pretetur.
806 2447 988 2482 Nuntiato
1007 2447 1196 2492 naufragio
1212 2447 1339 2482 Zenon
1359 2447 1596 2493 philosophus
1607 2446 1725 2489 ficum
1745 2448 1869 2483 omnia

595 2515 661 2540 sua
686 2504 830 2540 audiret
855 2504 1052 2540 submersa.
1101 2503 1225 2549 Jubet,
1252 2504 1381 2550 inquit,
1407 2515 1467 2540 me
1494 2503 1638 2540 fortuna
1658 2505 1869 2551 expeditius

597 2562 855 2609 philosophari..
930 2561 1141 2596 Minabatur
1185 2561 1383 2598 Theodoro
1432 2561 1649 2609 philosopho
1692 2568 1869 2606 tyrannus

597 2625 750 2655 mortem
769 2625 806 2654 et
823 2620 972 2664 quidem
991 2619 1228 2665 insepultam
1255 2619 1609 2664 Habes.inquit‚cur
1627 2620 1694 2655 tibi
1712 2620 1867 2665 placeas.

597 2676 781 2713 Hemina*
799 2678 986 2723 sanguinis
1006 2678 1042 2712 in
1067 2683 1130 2712 tua
1148 2683 1333 2724 potestate
1353 2683 1432 2717 est;
1463 2689 1547 2712 nam
1565 2679 1666 2723 quod
1683 2679 1731 2713 ad
1747 2678 1869 2724 sepul-

595 2741 715 2771 turam
741 2735 910 2781 pertinet,
934 2734 970 2771 O
997 2741 1033 2770 te
1059 2735 1225 2782 ineptum
1251 2735 1281 2770 si
1312 2741 1419 2781 putas
1445 2746 1527 2771 mea
1561 2736 1734 2771 interesse
1758 2747 1867 2782 supra

632 2856 639 2871 ¹
660 2856 730 2883 This
741 2861 879 2884 sentence
895 2858 946 2884 hu
957 2856 1030 2884 been
1045 2857 1128 2884 much
1141 2857 1250 2885 altered
1264 2856 1334 2884 from
1350 2856 1399 2883 the
1412 2856 1541 2889 origin-t.

633 2901 640 2915 ¹
660 2901 877 2933 immisce-‚nnis¹
892 2901 966 2927 anet
979 2901 1014 2927 0.
1321 2901 1330 2916 ¹
1347 2901 1585 2934 pertimescentis,
1603 2900 1637 2927 Ο.

633 2944 641 2960 ⁸
662 2948 766 2976 noster.
782 2944 902 2972 Seneca.
1321 2943 1332 2959 ¹
1350 2944 1514 2979 Animapm
1527 2944 1652 2977 hemina,
1667 2944 1701 2972 D.
1716 2947 1745 2972 et
1758 2944 1794 2974 0.
