2350 3580
422 2544 580 2571 Cmrectiou

423 2581 466 2606 for
474 2581 593 2616 position

421 2616 593 2644 osobsetver.

607 727 671 771 ¹76
869 727 1043 761 OPERIS
1066 726 1279 766 uasoms
1304 725 1433 759 PARS
1457 724 1624 758 SEXTA.

605 818 652 855 ad
671 818 827 865 angulos
842 824 981 860 rectos;
1004 822 1041 854 et
1059 815 1246 852 dividunt¹
1264 827 1306 852 se
1323 821 1452 851 mutuo
1463 815 1498 850 in
1513 820 1636 861 partes
1645 811 1831 860 aequales,
1844 818 1885 850 et

607 881 757 922 uterque
778 887 903 912 eorum
921 881 979 911 est
994 875 1112 920 major
1133 875 1290 911 circulus
1306 873 1343 909 in
1364 872 1530 920 sphaera.
1578 870 1753 908 Altitudo
1773 870 1887 917 igitur

606 924 735 970 stellae
759 932 857 970 fixae
881 943 990 979 super
1012 925 1241 968 horizontem
1268 938 1324 968 est
1353 941 1458 968 arcus
1486 929 1595 976 hujus
1623 928 1746 966 circuli
1772 928 1887 965 inter·

607 998 735 1038 ceptus
751 991 843 1028 inter
859 990 1002 1027 stellam
1021 996 1059 1026 et
1077 989 1185 1026 finem
1204 989 1415 1026 horizontis.
1465 988 1542 1025 Sed
1558 987 1718 1023 altitudo
1732 986 1885 1023 Saturni

606 1054 645 1086 et
661 1054 888 1085 caeterorum
908 1059 1014 1094 super
1031 1048 1262 1083 horizontem
1283 1059 1357 1083 non
1373 1052 1431 1082 est
1447 1047 1607 1082 notanda
1625 1057 1691 1093 per
1705 1043 1883 1081 circulum

607 1107 886 1142 intersecantem
919 1106 1154 1146 horizontem,
1185 1106 1250 1142 sed
1280 1117 1345 1151 per
1379 1105 1556 1140 minorem
1589 1108 1628 1143 et
1661 1103 1693 1139 ei
1726 1113 1884 1140 concen-

606 1164 748 1207 tticum.
764 1164 850 1211 quia
872 1161 1026 1201 circulus
1043 1163 1223 1200 transiens
1240 1173 1305 1209 per
1327 1173 1458 1208 eorpus
1479 1161 1641 1204 Saturni,
1655 1160 1713 1198 vel
1732 1159 1884 1197 alterius

607 1223 657 1259 rei
686 1221 870 1263 inferioris,
900 1231 974 1257 uon
1003 1221 1130 1258 transit
1159 1231 1226 1266 per
1254 1219 1525 1257 extremitatem
1559 1219 1643 1254 axis
1670 1218 1884 1261 horizontis,

605 1281 670 1316 sed
701 1291 766 1328 per
795 1280 892 1316 aliud
921 1284 1100 1325 punctum
1129 1278 1166 1314 in
1200 1290 1272 1314 axe
1301 1276 1457 1320 inferius,
1485 1276 1586 1323 quod
1616 1282 1674 1312 est
1703 1282 1883 1323 punctum

939 1336 1172 1383 suppositum
1201 1335 1323 1372 zenith
1347 1335 1490 1382 capitis,
1507 1340 1544 1370 et
1564 1333 1649 1370 ideo
1669 1333 1800 1370 transit
1823 1333 1884 1370 hic

757 1368 764 1382 μ
938 1394 1092 1431 circulus
1111 1405 1185 1429 non
1211 1404 1276 1440 per
1301 1392 1392 1428 fines
1414 1392 1614 1428 horizontis
1638 1392 1702 1439 qui
1725 1397 1783 1428 eet
1811 1403 1837 1427 a
1863 1392 1885 1428 b

648 1416 873 1643 O
939 1451 1108 1495 circulus,
1130 1452 1195 1487 sed
1218 1462 1283 1496 per
1306 1451 1576 1486 concentricum
1598 1451 1644 1493 ei,
1668 1454 1711 1485 ut
1734 1461 1800 1499 per
1823 1448 1887 1485 cd

939 1510 1125 1551 circulum,
1154 1514 1192 1545 et
1219 1509 1280 1544 hic
1308 1508 1461 1545 circulus
1494 1507 1697 1544 altitudinis
1732 1506 1884 1544 Saturni

941 1567 1068 1603 transit
1084 1577 1152 1612 per
1163 1577 1299 1613 corpus
1319 1566 1478 1606 Saturni.
1490 1565 1592 1612 quod
1607 1565 1645 1601 in
1662 1576 1707 1602 eo
1720 1564 1885 1601 elevatur

941 1636 1050 1670 super
1066 1624 1296 1661 horizontem
1310 1631 1347 1660 et
1365 1624 1581 1669 deprimitur
1592 1623 1665 1658 sub
1682 1622 1884 1658 horizonte.

752 1676 774 1713 ὁ
942 1683 992 1717 Et
1017 1683 1172 1718 circulus
1199 1682 1303 1727 Jovis
1332 1682 1458 1717 transit
1489 1692 1554 1727 per
1587 1681 1764 1716 minorem
1794 1690 1885 1715 con-

698 1734 763 1763 Fffi·
779 1742 821 1771 7¹·
940 1741 1137 1776 centricum
1156 1745 1194 1774 et
1208 1750 1272 1786 per
1291 1745 1467 1785 punctum
1485 1737 1632 1774 inferius
1649 1737 1686 1773 in
1702 1748 1778 1774 axe
1793 1747 1884 1784 sup-

606 1796 768 1843 positum
795 1797 914 1833 zenith
941 1797 1081 1843 capitis,
1105 1804 1143 1833 et
1167 1798 1221 1833 sic
1245 1798 1293 1833 de
1317 1797 1470 1833 caeteris
1494 1796 1674 1843 planetis3
1705 1796 1756 1831 ita
1780 1794 1883 1841 quod

608 1860 746 1899 quanto
771 1866 828 1890 res
851 1860 908 1891 est
932 1854 1087 1897 inferior,
1103 1860 1212 1891 tanto
1234 1855 1346 1899 habet
1374 1855 1547 1890 minorem
1572 1854 1745 1891 circulum
1763 1858 1884 1889 trans-

607 1915 757 1947 euntem
790 1924 855 1958 per
888 1918 1063 1959 punctum
1098 1912 1244 1948 inferius
1279 1913 1314 1948 in
1356 1924 1429 1948 axe
1462 1912 1661 1948 horizontis
1694 1916 1730 1947 et
1771 1911 1884 1947 inter-

607 1975 790 2005 secantem
837 1969 1008 2006 cireulum
1046 1970 1225 2006 minorem
1264 1970 1534 2006 concentricum
1571 1968 1763 2005 Ιιοτὶιοηῑί.
1831 1967 1885 2005 Et

607 2027 775 2072 quamvis
799 2027 850 2062 ita
875 2028 922 2064 sit
946 2029 1148 2063 secundum
1173 2028 1376 2071 veritatem,
1401 2034 1525 2062 tamen
1550 2027 1587 2062 in
1613 2038 1681 2062 usu
1706 2025 1884 2072 loquendi

608 2095 681 2119 non
710 2085 970 2130 distinguimus
1003 2085 1065 2121 illa
1099 2092 1236 2131 puncta
1268 2086 1304 2120 in
1332 2096 1405 2121 axe
1434 2097 1456 2120 a
1490 2085 1610 2120 zenith
1645 2084 1785 2130 capitis,
1815 2094 1885 2120 nec

608 2141 760 2178 circulos
792 2142 1081 2188 aequidistantes
1110 2143 1290 2179 horizonti
1319 2142 1577 2188 distinguimus
1605 2142 1654 2178 ab
1683 2141 1885 2185 horizonte,

608 2199 672 2234 sed
701 2210 829 2234 ornnes
857 2211 1030 2236 vocamus
1062 2200 1296 2240 horizontes;
1336 2207 1374 2237 et
1407 2199 1558 2236 circulos
1592 2199 1792 2236 altitudinis
1825 2210 1884 2236 re-

609 2264 779 2302 putamus
806 2267 932 2293 omnes
957 2258 1128 2302 aequales
1152 2265 1191 2293 et
1216 2258 1364 2293 transire
1389 2268 1454 2305 per
1483 2257 1604 2292 zenith
1633 2258 1772 2303 eapitis,
1797 2268 1884 2293 cum

608 2319 732 2350 tamen
758 2315 828 2351 sint
848 2316 1079 2361 inaequales;
1105 2321 1143 2351 et
1169 2316 1254 2351 licet
1280 2322 1430 2362 propter
1454 2314 1673 2351 evidentiam
1701 2315 1806 2362 posui
1831 2315 1884 2352 sic

607 2383 735 2408 omnes
764 2373 800 2408 in
826 2374 953 2409 eadem
983 2372 1183 2419 superficie,
1208 2380 1244 2409 et
1274 2374 1359 2420 quia
1385 2373 1454 2409 hoc
1483 2377 1607 2418 potest
1638 2372 1851 2419 contingere
1860 2371 1885 2417 ¹,

608 2437 733 2465 tamen
761 2430 895 2476 pluries
923 2431 1099 2477 contingit
1128 2441 1192 2467 eos
1221 2442 1299 2467 esse
1323 2431 1361 2467 in
1385 2429 1537 2465 diversis
1561 2430 1820 2475 superficiebus
1846 2436 1886 2467 et

608 2488 823 2523 intersecare
839 2499 879 2523 se
897 2487 1155 2534 multipliciter.

657 2542 968 2579 Considerandum
981 2549 1036 2579 est
1054 2543 1161 2579 etiam
1182 2543 1332 2579 ulterius
1347 2533 1447 2590 quod
1461 2543 1583 2579 radius
1598 2543 1745 2579 visualis
1756 2543 1884 2590 aequi-

607 2600 718 2636 distat
741 2601 919 2636 horizonti
946 2605 983 2636 et
1008 2600 1148 2635 circulis
1165 2600 1196 2635 ei
1223 2600 1471 2643 concentricis,
1487 2606 1525 2638 et
1541 2601 1625 2637 ideo
1641 2612 1745 2637 arcus
1760 2600 1884 2637 circuli

607 2659 806 2694 altitudinis
823 2659 883 2703 qui
909 2664 965 2694 est
987 2659 1081 2693 inter
1105 2658 1330 2693 horizontem
1350 2664 1387 2694 et
1410 2660 1552 2695 radium
1572 2658 1748 2694 visualem
1769 2659 1885 2695 debet

607 2715 783 2759 annotari,
808 2715 870 2762 qui
904 2722 959 2751 est
983 2716 1185 2751 secundum
1212 2716 1453 2762 quantitatem
1485 2716 1698 2753 elevationis
1723 2716 1885 2763 eorporis

608 2773 821 2820 aspicientis.
882 2773 1020 2809 Verum
1063 2773 1145 2809 licet
1188 2774 1427 2809 communiter
1461 2781 1609 2820 sumpta
1643 2774 1798 2810 altitudo
1833 2774 1884 2810 rei

608 2842 718 2876 super
741 2831 966 2866 horizontem
992 2831 1128 2866 dicitur
1152 2841 1256 2866 arcus
1283 2831 1402 2866 circuli
1432 2831 1632 2867 altitudinis
1657 2832 1883 2879 interceptus

735 2913 745 2932 ¹
766 2915 870 2948 dividit,
886 2914 912 2948 J.

765 2958 826 2985 The
839 2958 946 2992 words,
960 2961 968 2973 ¹
980 2963 1008 2986 et
1021 2959 1088 2994 quin
1099 2959 1154 2986 hoc
1168 2963 1263 2994 potest
1276 2960 1464 2994 contingere(
1475 2968 1554 2987 seem
1565 2961 1754 2996 superfluous.
