2350 3580
608 714 652 748 70
855 705 1028 739 OPERIS
1053 705 1264 744 MAJoms
1291 705 1420 739 PARS
1445 705 1636 746 QUINTA.

604 797 717 832 virtus
775 801 902 842 ageret
957 795 993 831 in
1039 795 1165 831 minori
1219 806 1331 841 quam
1380 795 1427 831 sit
1475 795 1628 840 instans,
1674 795 1777 841 quod
1827 799 1890 832 αἱ

607 852 839 901 impossibile.
890 851 966 889 Sed
982 852 1097 897 virtus
1112 851 1219 898 oculi,
1234 858 1272 889 et
1294 864 1383 889 suae
1399 851 1543 900 speciei,
1558 858 1596 889 et
1618 851 1818 899 cujuslibet
1833 852 1890 889 rei

607 916 753 948 creatae
769 916 827 947 est
843 910 954 946 finita.
1007 909 1108 957 Ergo
1124 909 1223 945 nulla
1240 915 1364 956 potest
1380 921 1490 957 agere
1509 910 1546 946 in
1568 910 1728 947 instanti.
1779 909 1834 947 Et
1849 910 1890 946 in

607 973 739 1006 octavo
757 968 997 1014 Physioorum
1013 968 1050 1003 in
1066 967 1139 1003 fine
1156 967 1283 1012 ultimi,
1299 968 1399 1013 quod
1423 968 1536 1003 virtus
1557 967 1659 1004 finita
1681 972 1720 1004 et
1740 967 1888 1005 infinita

608 1038 683 1063 non
708 1030 864 1072 possunt
890 1037 999 1072 agere
1026 1026 1062 1060 in
1085 1024 1230 1071 aequali
1261 1030 1299 1061 et
1325 1026 1455 1061 eadem
1478 1026 1682 1071 duratione,
1708 1026 1888 1072 quoniam

608 1091 696 1121 tunc
720 1088 872 1130 possent
897 1082 1032 1119 habere
1059 1083 1292 1129 operationes
1316 1081 1503 1129 aequales,
1527 1088 1566 1119 et
1593 1082 1644 1120 sie
1675 1082 1779 1129 ipsae
1811 1082 1889 1119 sibi

608 1142 763 1178 invicem
779 1131 1032 1187 aequarentur.
1070 1139 1145 1177 Sed
1160 1140 1345 1187 proprium
1365 1146 1422 1177 est
1437 1140 1579 1177 virtutis
1595 1139 1756 1177 infinitae
1772 1150 1889 1186 agere

610 1200 647 1235 in
662 1199 823 1235 instanti.
866 1198 968 1244 Ergo
983 1198 1099 1234 virtus
1117 1198 1216 1234 finita
1234 1209 1308 1234 non
1327 1203 1453 1245 potest
1470 1199 1507 1234 in
1525 1209 1570 1234 eo
1592 1198 1730 1245 aliquid
1753 1197 1890 1243 tacere,

608 1262 835 1303 quapropter
871 1257 908 1291 in
941 1262 1121 1302 tempore.
1191 1256 1285 1292 Item
1319 1255 1413 1292 sicut
1445 1267 1486 1292 se
1518 1254 1632 1292 habet
1663 1256 1805 1292 instans
1836 1256 1888 1292 ad

608 1321 766 1361 tempus,
788 1314 839 1350 sic
866 1319 1021 1359 punctus
1041 1313 1089 1349 ad
1120 1312 1265 1350 lineam.
1319 1313 1421 1360 Ergo
1450 1313 1703 1360 permutative,
1725 1313 1820 1351 sicut
1845 1324 1890 1350 ee

609 1372 721 1407 habet
760 1372 900 1407 instans
941 1372 988 1407 ad
1030 1376 1216 1418 punctum,
1250 1372 1301 1407 sic
1345 1376 1490 1419 tempus
1531 1372 1578 1407 ad
1621 1371 1780 1415 lineam;
1818 1371 1888 1408 sed

609 1430 848 1476 pertransitus
885 1429 1011 1476 puncti
1052 1434 1110 1465 est
1152 1430 1190 1465 in
1231 1429 1392 1466 instanti.
1466 1430 1570 1476 Ergo
1609 1429 1729 1465 omnis
1769 1429 1890 1466 lineae

609 1488 848 1534 pertransitus
886 1493 942 1524 est
986 1489 1022 1524 in
1063 1493 1241 1534 tempore.
1315 1487 1420 1534 Ergo
1458 1489 1599 1534 species
1639 1487 1889 1534 pertransiens

609 1545 767 1593 spat-ium
812 1545 950 1582 lineare
997 1552 1318 1592 quantumcunque
1367 1556 1518 1593 parvum
1567 1545 1802 1592 pertransibit
1849 1545 1888 1582 in

609 1608 786 1650 tempore.
839 1603 933 1639 Item
952 1603 1052 1650 prius
1070 1609 1106 1638 et
1123 1603 1303 1651 posterius
1321 1603 1356 1639 in
1379 1603 1501 1650 spatio
1525 1608 1611 1638 sunt
1634 1614 1743 1638 eausa
1758 1603 1889 1650 prioris

609 1666 646 1697 et
680 1662 893 1707 posterioris
926 1662 961 1696 in
1003 1661 1245 1698 translatione
1283 1662 1381 1697 sacta
1421 1673 1530 1707 super
1570 1661 1728 1707 spatium
1768 1666 1809 1698 et
1849 1661 1889 1697 in

608 1718 810 1762 duratione,
828 1723 868 1754 ut
885 1717 1105 1755 Aristotelea
1122 1720 1210 1756 dicit
1228 1725 1359 1765 quarto
1378 1718 1627 1765 Physicorum.
1679 1718 1783 1765 Ergo
1802 1730 1888 1755 cum

608 1776 766 1823 spatium
800 1787 866 1823 per
899 1777 997 1823 quod
1031 1776 1146 1812 fertur
1177 1776 1320 1823 species
1353 1776 1465 1813 habet
1492 1776 1589 1823 prius
1613 1782 1662 1813 ·et
1694 1776 1888 1823 posterius,

609 1838 756 1880 oportet
781 1834 882 1880 quod
910 1834 1101 1870 translatio
1124 1834 1223 1870 sacta
1243 1834 1379 1870 habeat
1401 1835 1501 1880 prius
1521 1839 1559 1870 et
1582 1834 1764 1880 posterius
1786 1834 1824 1870 in
1847 1846 1889 1870 se

607 1897 644 1927 et
661 1903 726 1927 sua
744 1892 959 1927 duratione:
986 1893 1048 1928 sed
1068 1892 1165 1938 prius
1190 1897 1228 1927 et
1250 1893 1432 1938 posterius
1457 1893 1494 1927 in
1518 1892 1707 1928 duratione
1729 1902 1804 1928 non
1829 1898 1888 1928 est

608 1949 677 1984 nisi
699 1949 735 1985 in
759 1954 933 1996 tempore,
959 1950 1133 1996 quoniam
1157 1949 1192 1985 in
1219 1949 1368 1985 instanti
1390 1960 1470 1985 esse
1493 1960 1568 1986 non
1593 1954 1728 1997 potest.
1778 1949 1830 1986 Et
1856 1949 1888 1986 si

610 2007 752 2043 dicatur
770 2007 868 2052 quod
888 2007 957 2044 hoc
974 2012 1032 2044 est
1049 2018 1173 2044 verum
1193 2007 1241 2043 de
1258 2007 1327 2043 illis
1339 2018 1432 2052 quae
1444 2007 1583 2044 habent
1601 2018 1681 2043 esse
1697 2006 1889 2054 corporale

613 2065 646 2099 in
666 2065 799 2109 medio,
808 2075 881 2099 non
899 2065 946 2099 de
963 2065 1019 2100 his
1037 2076 1130 2110 quae
1147 2065 1286 2100 habent
1303 2076 1383 2100 esse
1399 2065 1596 2111 spirituale,
1605 2069 1646 2100 ut
1658 2064 1716 2100 hic
1728 2065 1889 2111 fingitur,

608 2121 686 2166 jam
717 2127 819 2167 patet
848 2133 912 2168 per
941 2122 1128 2169 praedicta
1153 2122 1252 2169 quod
1283 2122 1354 2158 hoc
1383 2122 1472 2158 nihil
1501 2127 1567 2158 est.
1621 2121 1670 2158 Et
1697 2122 1829 2158 iterum
1859 2122 1889 2159 si

613 2179 752 2214 dicatur
768 2179 838 2215 hoc
855 2190 934 2216 esse
950 2191 1074 2215 verum
1094 2180 1140 2216 de
1164 2180 1221 2216 his
1243 2191 1339 2226 quae
1364 2180 1646 2216 commetiuntur
1665 2191 1705 2215 se
1722 2180 1889 2227 partibus

612 2237 730 2282 spatii,
750 2238 850 2282 quod
872 2249 944 2272 non
970 2244 1026 2274 est
1048 2239 1199 2285 species,
1216 2242 1257 2273 ut
1284 2238 1444 2285 fingitur,
1461 2238 1583 2273 adhuc
1603 2237 1692 2273 nihil
1716 2242 1785 2282 est,
1800 2239 1889 2285 quia

614 2295 701 2330 illud
719 2296 921 2330 secundum
942 2307 1015 2331 non
1037 2297 1172 2332 dicitur
1190 2296 1256 2331 nisi
1274 2301 1427 2342 propter
1443 2306 1523 2330 esse
1545 2294 1739 2342 spirituale.
1792 2295 1889 2332 Cum

614 2363 699 2398 ergo
732 2353 870 2399 species
906 2354 954 2389 rei
981 2354 1181 2400 corporalis
1208 2354 1344 2389 habeat
1370 2363 1497 2389 verum
1526 2363 1606 2389 esse
1632 2352 1823 2399 corporale
1851 2353 1890 2390 in

615 2411 748 2453 medio,
764 2416 800 2444 et
817 2411 863 2447 sit
880 2422 966 2447 vera
983 2422 1041 2447 res
1059 2411 1270 2457 corporalis,
1282 2417 1321 2447 ut
1340 2411 1439 2457 prius
1455 2417 1643 2447 ostensum
1662 2417 1727 2454 est.
1740 2416 1892 2458 oportet

613 2469 659 2504 de
686 2469 903 2503 necessitate
928 2469 1028 2515 quod
1052 2470 1099 2504 sit
1128 2469 1407 2511 dimensionata,
1425 2473 1462 2503 et
1489 2469 1572 2504 ideo
1601 2468 1893 2505 dimensionibus

615 2527 724 2561 medii
746 2531 923 2572 coaptata.

662 2583 857 2619 Caeterum
886 2584 917 2619 si
943 2584 981 2620 in
1010 2584 1157 2619 instanti
1188 2584 1319 2620 eodem
1350 2582 1450 2620 fieret
1475 2595 1541 2630 per
1565 2590 1685 2620 totum
1715 2583 1894 2625 medium.

613 2647 698 2676 tunc
717 2648 812 2677 esset
830 2641 866 2676 in
886 2642 1043 2676 termino
1061 2653 1081 2678 a
1099 2653 1181 2689 quo,
1201 2648 1236 2677 et
1265 2643 1301 2677 in
1325 2642 1447 2678 medio
1472 2642 1592 2689 spatii,
1609 2648 1646 2678 et
1674 2642 1707 2677 in
1732 2642 1894 2679 termino

613 2700 659 2734 ad
688 2710 806 2745 quem,
830 2699 968 2735 seilicet
994 2700 1101 2734 simul
1130 2705 1166 2735 et
1192 2699 1315 2734 semel.
1367 2699 1442 2735 Sed
1463 2699 1534 2734 hoc
1558 2704 1614 2734 est
1641 2698 1895 2744 multipliciter

615 2756 852 2802 impossibile.
907 2757 1003 2792 Nam
1037 2757 1154 2803 primo
1181 2758 1345 2803 sequitur
1372 2769 1421 2793 ex
1447 2757 1527 2799 hoc,
1556 2757 1657 2803 quod
1684 2768 1741 2793 res
1765 2764 1896 2794 creata

613 2820 710 2851 esset
744 2814 848 2850 simui
883 2821 920 2851 et
954 2814 1065 2851 semel
1101 2815 1137 2851 in
1171 2815 1336 2862 pluribus
1370 2815 1467 2856 locis,
1503 2821 1541 2851 et
1574 2825 1647 2861 qua
1682 2815 1823 2852 ratione
1858 2816 1898 2853 in

613 2872 787 2918 pluribus,
803 2873 917 2908 etiarn
937 2874 971 2907 in
992 2873 1152 2918 infinitis,
1172 2874 1268 2908 sicut
1294 2874 1392 2919 prius
1412 2873 1578 2908 habitum
1601 2878 1656 2908 est
1674 2873 1710 2908 in
1727 2873 1898 2920 capitulo

613 2931 659 2965 de
679 2931 839 2966 materia.
892 2931 992 2976 Ergo
1010 2931 1161 2966 haberet
1181 2932 1384 2977 potentiam
1405 2930 1581 2966 infinitam
1605 2936 1643 2966 et
1661 2935 1756 2966 esset
1776 2931 1898 2976 Deus,
