2350 3580
594 693 661 740 338
830 693 1002 727 OPERIS
1028 691 1239 733 uasoffls
1263 690 1392 725 PARS
1416 689 1636 724 SEPTIMA.

597 785 761 821 maxime
776 783 935 820 delectat
946 784 1188 829 extinguitur.
1226 781 1315 818 Non
1332 781 1492 818 muttum
1502 781 1573 818 loci
1584 780 1597 803 ¹
1612 781 1735 824 habet.
1747 780 1875 826 itaque

595 843 670 879 cito
684 841 821 888 implet,
835 847 872 878 et
883 841 1008 878 'taedio
1020 846 1088 884 est,
1099 847 1140 877 et
1154 845 1241 887 post
1253 839 1413 886 primum
1431 839 1609 885 impetum
1624 843 1780 880 meroen
1803 847 1871 872 nee

595 899 633 936 id
649 910 809 945 unquam
828 897 968 936 certum
987 903 1043 935 est
1060 898 1166 944 quus
1183 899 1219 935 in
1239 902 1343 934 motu
1361 902 1493 933 natura
1507 902 1573 932 est.
1607 896 1668 932 Ita
1684 908 1732 933 ne
1747 900 1871 943 potoet

596 958 745 1004 quidem
759 956 832 992 ulla
850 957 929 1002 ejus
944 967 1026 992 ase
1041 956 1259 999 substantia,
1268 955 1368 1002 quod
1381 956 1483 991 venit
1494 956 1670 991 transitve
1685 952 1875 990 celerrime

597 1014 634 1050 in
650 1014 732 1061 ipso
750 1026 817 1051 usu
835 1013 889 1050 sui
912 1014 1124 1061 periturum.
1175 1014 1235 1050 Eo
1256 1013 1352 1050 enim
1381 1013 1547 1060 pervenit
1568 1013 1630 1049 ubi
1655 1013 1810 1054 desinat.
1835 1017 1872 1047 et

595 1072 686 1108 dum
706 1072 832 1120 incipit
845 1070 859 1092 ²
875 1078 1021 1118 spectat
1037 1072 1085 1109 ad
1105 1070 1239 1108 finem)

408 1138 455 1166 De
467 1137 533 1165 vit·
646 1131 751 1174 Item,
768 1132 777 1148 ⁴
788 1131 877 1178 quid
892 1131 994 1177 quod
1008 1137 1083 1166 tam
1101 1130 1210 1166 bonis
1225 1141 1338 1177 quam
1352 1129 1458 1166 malis
1470 1130 1643 1177 voluptas
1658 1129 1752 1165 inest
1765 1132 1781 1164 ?
1806 1138 1874 1163 nec

408 1174 508 1246 22²2·-
596 1187 718 1224 minus
734 1193 861 1233 turpes
876 1188 1037 1224 dedecus
1054 1200 1161 1224 suurn
1181 1199 1292 1234 quam
1314 1189 1492 1224 honestos
1513 1189 1661 1234 egregia
1676 1187 1874 1223 delectant.

599 1244 763 1292 Ideoque
799 1251 1061 1292 praeceperunt
1094 1251 1239 1282 veteres
1279 1246 1458 1292 optimam
1497 1246 1601 1292 sequi
1638 1247 1765 1288 vitam,
1798 1256 1872 1281 non

591 1303 906 1349 jucundissimam,
933 1310 975 1340 ut
999 1310 1121 1341 rectae
1145 1314 1190 1340 ac
1213 1304 1334 1340 bonae
1359 1304 1561 1341 voluntatis
1594 1315 1667 1341 non
1701 1305 1778 1341 dux
1805 1303 1870 1339 sed

595 1373 719 1399 comes
746 1363 795 1397 sit
817 1362 1001 1408 voluptas.
1052 1362 1194 1399 Natura
1216 1362 1314 1397 enim
1345 1363 1436 1399 duee
1465 1363 1645 1400 utendum
1675 1369 1752 1399 est:
1776 1362 1873 1397 hanc

596 1421 690 1455 ratio
706 1420 890 1463 observat,
906 1420 999 1455 hanc
1017 1421 1183 1456 consulit.
1234 1421 1339 1455 Idem
1354 1406 1422 1456 'est
1445 1432 1534 1467 ergo
1554 1421 1665 1456 beate
1684 1421 1817 1459 vivere,
1835 1425 1874 1454 et

595 1479 797 1514 secuudum
815 1484 992 1515 naturam.
1043 1479 1130 1514 Hoc
1145 1478 1236 1524 quid
1261 1479 1308 1514 sit
1327 1478 1405 1524 jam
1425 1479 1601 1524 aperiam.
1652 1479 1692 1514 Si
1711 1477 1873 1524 corporis

595 1536 704 1572 dotes
728 1542 764 1572 et
788 1542 877 1583 apta
901 1541 1054 1572 naturae
1079 1535 1379 1572 conservabimus
1401 1536 1594 1582 diligenter
1618 1542 1654 1572 et
1674 1535 1870 1583 impavide,

595 1599 771 1641 tanquam
797 1595 832 1630 in
859 1594 957 1630 diem
983 1593 1072 1629 data
1097 1598 1134 1629 et
1159 1592 1314 1638 fugacia,
1339 1594 1369 1630 si
1399 1605 1472 1630 non
1496 1594 1714 1630 subierimus
1743 1603 1870 1630 eorum

595 1652 809 1688 servitutem
846 1663 910 1687 nec
945 1663 1012 1687 nos
1043 1651 1163 1686 aliena
1199 1652 1424 1696 possederint
1450 1652 1478 1688 si
1505 1653 1647 1698 corpori
1667 1651 1789 1701 [grata
1814 1647 1870 1699 et]

596 1710 808 1745 adventicia·
819 1722 863 1745 eo
881 1709 986 1745 nobis
1009 1709 1090 1745 loco
1114 1707 1259 1748 suerint.
1275 1721 1350 1755 quo
1372 1715 1456 1746 sunt
1478 1712 1514 1746 in
1534 1710 1661 1746 castris
1676 1709 1816 1746 auxilia
1834 1714 1871 1745 et

596 1773 806 1804 armaturae
832 1765 988 1816 [leveslz
1010 1767 1182 1803 ‘serviant
1199 1767 1285 1814 jsta,
1310 1778 1383 1803 non
1407 1768 1614 1814 imperent:
1636 1768 1696 1804 'ita
1720 1768 1870 1804 demum

595 1825 699 1860 utilia
717 1830 802 1865 sunt
818 1825 943 1860 menti.
994 1824 1234 1870 Incorruptus
1244 1825 1301 1859 vir
1316 1825 1365 1860 sit
1381 1826 1545 1860 extemis
1558 1831 1598 1860 et
1616 1825 1871 1871 insuperabilis

596 1883 818 1928 miratorque
835 1887 979 1918 tantum
990 1875 1054 1917 sui.
1067 1880 1185 1917 fidens
1199 1883 1321 1917 animo
1336 1888 1450 1929 atque
1462 1883 1498 1918 in
1514 1888 1712 1928 utrumque
1723 1888 1871 1928 par-ahts

595 1939 729 1976 artifex
747 1939 853 1975 vitae.
904 1939 1057 1975 Fiducia
1079 1938 1159 1984 ejus
1175 1950 1251 1974 non
1276 1939 1356 1975 sine
1376 1940 1527 1976 scientia
1544 1940 1603 1985 sit,
1618 1940 1774 1976 scientia
1797 1951 1870 1976 non

595 1996 675 2032 sine
688 1998 914 2038 constantia;
941 2003 1114 2032 maneant
1132 1997 1182 2032 illi
1199 1995 1311 2032 sernel
1332 1997 1472 2044 placita.
1492 2009 1556 2034 nec
1573 1998 1647 2033 ulla
1666 1998 1703 2034 in
1716 1998 1871 2034 decretis

595 2055 674 2100 ejus
692 2054 800 2090 litura
817 2055 875 2090 sit.
913 2054 1141 2100 intelligitur,
1157 2056 1266 2089 etiarn
1288 2055 1316 2090 si
1336 2067 1410 2090 non.
1427 2056 1605 2101 adjecero,
1622 2056 1869 2101 compositum

595 2113 879 2158 ordInatumque
908 2112 986 2148 fore
1010 2112 1123 2149 talem
1159 2113 1285 2154 virum,
1321 2119 1359 2149 et
1391 2114 1427 2148 in
1463 2114 1505 2149 iis
1541 2125 1636 2159 quae
1667 2118 1755 2160 aget
1785 2125 1867 2149 curn

596 2170 770 2206 comitate
795 2169 1031 2215 magnificum
1058 2196 1065 2205 .
1092 2195 1101 2205 .
1128 2196 1137 2205 .
1162 2170 1200 2205 in
1232 2181 1272 2206 se
1299 2171 1534 2207 revertatur&
1585 2171 1684 2207 Nam
1710 2171 1871 2207 mundus

595 2238 741 2272 quoque
766 2233 897 2264 cuncta
921 2227 1185 2273 complectens,
1213 2233 1402 2273 rectorque
1421 2230 1574 2265 universi
1599 2229 1701 2265 Deus
1734 2228 1772 2263 in
1804 2240 1870 2266 ex·

594 2286 726 2320 teriora
744 2286 890 2331 quidem
910 2286 1039 2324 tendit.
1052 2287 1118 2321 sed
1137 2291 1261 2321 tamen
1280 2287 1316 2321 in
1334 2291 1454 2322 totum
1473 2287 1634 2332 undique
1652 2287 1687 2321 in
1706 2297 1746 2321 se
1764 2287 1869 2322 redit.

598 2341 704 2378 Idem
730 2349 857 2378 nostra
875 2354 978 2378 mens
994 2343 1125 2385 faciat;
1152 2354 1236 2378 cum
1264 2342 1414 2379 secuta*
1439 2355 1567 2379 sensus
1589 2355 1675 2380 suos
1697 2355 1765 2389 per
1789 2342 1871 2380 illos

593 2410 633 2435 se
656 2400 703 2435 ad
721 2404 875 2436 externa
899 2401 1114 2444 porrexerit,
1141 2407 1179 2436 et
1208 2400 1350 2437 illorum
1376 2407 1414 2437 et
1439 2401 1494 2436 sui‘
1521 2407 1652 2447 potens
1676 2402 1736 2437 sit.
1787 2401 1872 2438 Hoc

595 2456 706 2492 modo
741 2469 815 2493 una
848 2456 1024 2493 efficietur
1046 2449 1110 2492 ’vis
1139 2469 1183 2493 ac
1216 2464 1383 2504 potestas
1398 2470 1567 2494 ·concors
1601 2459 1678 2502 sibi,
1705 2463 1743 2494 et
1776 2459 1870 2494 ratio

595 2505 666 2548 illa*
677 2519 777 2549 certa
794 2521 972 2558 nascetur,
990 2527 1062 2551 non
1081 2515 1263 2551 dissidens
1284 2528 1350 2552 nec
1368 2517 1552 2551 haesitans
1572 2517 1614 2551 in·
1625 2516 1870 2561 opinionibus,

595 2595 603 2605 .
621 2597 630 2604 .
648 2581 772 2616 ..quae
792 2582 876 2606 cum
899 2583 939 2606 se
963 2573 1143 2618 disposuit
1165 2578 1204 2607 et
1222 2574 1387 2619 partibus
1405 2574 1478 2609 suis
1496 2574 1689 2612 consensit.
1705 2579 1743 2609 et
1759 2580 1801 2609 ut
1819 2573 1870 2609 ita

594 2626 712 2663 dicam
737 2629 932 2672 concinuit,
954 2641 1143 2665 summurn
1168 2630 1304 2665 bonum
1332 2631 1465 2681 tetigit.
1515 2631 1616 2666 Nihil
1643 2631 1740 2665 enirn
1767 2630 1868 2676 pravi

595 2684 684 2720 nihil
709 2685 837 2721 lubrici
861 2692 1037 2733 superest,
1054 2687 1146 2722 nihil
1173 2689 1209 2722 in
1234 2700 1308 2733 quo
1323 2689 1454 2724 arietet
1481 2695 1545 2724 aut
1569 2688 1681 2724 labet.
1732 2689 1870 2724 Omnia

593 2740 704 2778 faciet
736 2755 785 2778 ex
830 2744 982 2790 imperio
1018 2755 1085 2780 suo
1130 2744 1293 2791 nihilque
1340 2745 1571 2792 inopinatum
1617 2745 1769 2790 accidet,
1804 2746 1868 2781 sed

629 2840 637 2856 ¹
658 2841 723 2868 laeti
737 2842 783 2868 sor
795 2841 857 2875 loci,
875 2842 960 2871 MSS.
1461 2843 1472 2859 ⁹
1490 2844 1605 2879 decipit.
1621 2844 1656 2872 0.

626 2883 637 2898 ¹
657 2888 823 2912 reveratur.
861 2885 928 2913 This
941 2891 1080 2913 sentence
1093 2886 1118 2913 is
1131 2895 1203 2921 very
1216 2886 1395 2922 imperfectly
1407 2887 1583 2915 tran-tribea
1598 2887 1626 2915 in
1642 2887 1676 2914 D.
1687 2887 1743 2915 und
1758 2887 1792 2916 Ο.

627 2927 636 2943 “
657 2932 822 2961 consecuta,
835 2927 886 2963 for,
903 2937 966 2955 cum
979 2933 1090 2962 secuta,
1103 2928 1138 2956 Ο.
1149 2934 1177 2956 et
1194 2930 1228 2956 D.
