2350 3580
447 1586 592 1631 Ράρωᾰί·

629 526 700 562 534
922 515 1298 550 MULTIPLICATIO
1324 515 1613 550 SPECIERUM.

630 614 758 652 tuum;
783 611 822 643 et
843 606 975 643 eadem
999 606 1092 642 ratio
1110 611 1169 642 est
1189 605 1239 641 de
1262 606 1363 641 omni
1384 605 1530 641 actione
1549 611 1710 641 naturae
1737 612 1920 652 quantum

629 664 807 717 possibile
834 670 903 700 est.
954 664 1005 700 Et
1038 663 1224 700 Avermes
1251 664 1343 698 dicit
1369 675 1483 710 super
1509 664 1721 700 secundum
1751 664 1860 701 Coeli
1886 671 1920 701 et

630 722 776 766 Mundi,
792 723 894 768 quod
910 721 967 758 sol
985 721 1103 767 magis
1127 731 1195 756 nos
1214 720 1377 757 calefacit
1399 721 1497 757 cirta
1518 721 1727 757 solstitium
1746 723 1920 758 aestivale

629 791 743 828 quam
769 785 866 822 ante,
885 779 974 824 quia
998 779 1078 825 ejus
1103 778 1194 814 radii
1226 778 1344 825 magis
1364 779 1544 814 accedunt
1566 778 1616 814 ad
1646 780 1920 816 rectitudinem

632 836 683 873 Et
702 836 773 872 hoc
798 842 902 884 patet
926 847 992 883 per
1017 836 1214 883 praedicta.
1264 836 1317 872 Et
1341 836 1453 872 etiam
1478 836 1599 882 magis
1624 837 1865 883 dispergitur
1886 843 1920 874 et

629 893 898 930 diversificatur
929 894 1046 930 virtus
1078 894 1117 929 in
1152 893 1308 940 angulos
1338 893 1492 929 obtusos
1524 893 1707 939 aequales
1741 905 1862 940 quam
1887 896 1920 931 in

631 957 761 994 rectos,
776 942 1017 999 propter'hoc
1035 952 1137 997 quod
1162 950 1321 997 angulus
1343 950 1404 987 ille
1426 951 1582 987 obtusus
1603 957 1667 987 est
1688 953 1921 998 compositus

629 1021 679 1046 ex
697 1014 797 1045 recto
809 1014 847 1045 et
864 1014 985 1050 acuto,
996 1013 1034 1044 et
1051 1009 1137 1044 ideo
1154 1019 1228 1044 non
1245 1014 1303 1045 est
1318 1013 1424 1044 tanta
1441 1008 1685 1052 uniformitas,
1702 1020 1777 1046 nee
1794 1011 1922 1054 unitas,

630 1077 698 1103 nec
717 1066 893 1113 regularis
916 1066 1154 1113 congregatio
1173 1071 1214 1102 et
1237 1066 1354 1102 unitio
1369 1066 1515 1101 virtutis
1539 1066 1578 1102 in
1601 1067 1757 1113 angulis
1782 1068 1922 1104 obtusis

628 1123 847 1170 aequalibus
879 1123 974 1160 sicut
1009 1124 1046 1159 in
1075 1123 1193 1160 rectis.
1243 1122 1320 1159 Sed
1349 1123 1467 1159 omnis
1494 1123 1610 1159 virtus
1638 1124 1752 1160 unita
1779 1130 1822 1161 et
1850 1136 1921 1161 non

629 1182 797 1227 dispersa
827 1192 896 1217 nec
927 1179 1173 1216 diversificata
1212 1186 1269 1216 est
1311 1180 1459 1226 majoris
1494 1181 1739 1226 operationis.
1793 1182 1922 1229 Atque

631 1249 718 1274 cum
743 1243 884 1274 rectum
908 1238 957 1274 sit
980 1238 1096 1274 index
1121 1238 1178 1274 sui
1203 1243 1242 1274 et
1264 1237 1417 1284 obliqui,
1432 1238 1638 1274 secundum
1658 1238 1922 1284 Aristotelem,

629 1301 779 1342 oportet
788 1296 889 1342 quod
906 1296 954 1331 sit
972 1294 1129 1331 nobilius
1145 1301 1185 1331 et
1201 1294 1340 1339 melius,
1352 1301 1390 1331 et
1405 1305 1517 1342 super
1532 1295 1657 1341 ipsum
1676 1296 1804 1344 magis
1821 1297 1922 1345 eligit

636 1359 767 1389 natura
783 1353 936 1400 operari.

1105 1493 1357 1531 cumn-uu
1390 1494 1438 1531 11.

682 1583 877 1621 Caeterum
909 1585 1087 1621 linearum
1111 1586 1295 1631 quaedam
1320 1586 1491 1621 dicuntur
1515 1585 1647 1621 eadere
1672 1588 1921 1633 perpendicu-

444 1630 524 1694 ‘²⁸¹7‘
534 1638 598 1666 ’Ψ
634 1641 768 1685 latita,
780 1642 964 1688 quaedam
975 1653 1060 1687 non,
1070 1642 1272 1678 secundum
1281 1649 1449 1678 auctores
1459 1642 1709 1689 Aspectuum.
1744 1644 1922 1682 Incensus

444 1707 683 1768 wi?

445 1775 527 1811 plane
539 1784 573 1803 or

445 1812 547 1840 eni-ved

445 1847 570 1877 snrssces.

633 1699 990 1746 perpendicularium
1013 1705 1082 1736 est
1096 1698 1323 1743 fortissimus,
1347 1705 1384 1736 et
1410 1700 1494 1736 ideo
1518 1705 1649 1736 natura
1674 1701 1787 1748 eligit
1811 1714 1923 1749 super

634 1756 717 1792 illas
733 1756 898 1802 operari3
922 1762 959 1793 et
982 1757 1053 1793 hoc
1072 1762 1177 1803 patet
1199 1758 1247 1793 de
1272 1758 1374 1792 omni
1392 1768 1527 1804 genere
1547 1758 1923 1805 perpendicularium‚

633 1813 712 1849 sive
744 1814 879 1850 cadant
912 1825 1021 1860 super
1047 1814 1173 1858 lineas,
1201 1815 1280 1851 sive
1304 1826 1414 1861 super
1439 1815 1649 1862 superficies
1677 1821 1719 1852 et
1748 1827 1922 1864 corpora.

633 1870 794 1918 Quando
810 1882 897 1907 vero
914 1872 1053 1908 cadunt
1069 1882 1182 1919 super
1202 1872 1329 1917 lineas,
1345 1878 1433 1908 tunc
1453 1873 1487 1908 si
1508 1874 1644 1909 cadant
1663 1885 1780 1921 super
1802 1884 1924 1913 reem

633 1928 864 1965 manifestum
896 1934 954 1965 eat
987 1940 1053 1975 per
1086 1929 1349 1974 definitionem,
1376 1931 1477 1976 quod
1508 1931 1649 1967 cadunt
1677 1933 1729 1968 ad
1760 1934 1923 1979 angulos

632 1986 813 2033 aequales,
829 1992 867 2023 et
882 1987 984 2032 quod
1002 1987 1185 2023 breviores
1201 1993 1289 2023 sunt
1304 1987 1395 2032 aliis,
1407 1993 1446 2024 et
1461 1989 1562 2034 quod
1574 1988 1717 2025 habent
1736 1990 1922 2035 majorem

632 2044 929 2080 uniformitatem.
964 2044 1015 2079 Et
1031 2044 1118 2080 ideo
1134 2056 1184 2080 ex
1200 2044 1258 2081 his
1274 2045 1392 2081 tribus
1404 2046 1526 2081 causis
1539 2046 1657 2081 virtus
1667 2044 1805 2083 sortior
1819 2049 1924 2084 venit

631 2112 743 2148 super
767 2112 830 2150 eas
854 2102 940 2148 quia
964 2102 1078 2137 etiam
1102 2102 1240 2138 eadunt
1263 2103 1312 2138 ad
1337 2102 1493 2148 angulos
1517 2108 1645 2147 rectos,
1667 2109 1709 2139 et
1730 2105 1922 2142 rectitudo

632 2160 744 2195 etiam
773 2159 995 2205 angulorum
1024 2170 1074 2195 ex
1099 2170 1167 2195 sua
1191 2160 1419 2206 proprietate
1441 2159 1572 2196 melior
1599 2166 1657 2197 eat
1680 2161 1922 2208 obliquitate,

632 2222 670 2252 et
699 2217 784 2252 ideo
816 2222 1032 2263 augmentat
1063 2217 1186 2253 adhuc
1226 2216 1480 2254 fortitudinem
1514 2218 1680 2254 actionis.
1738 2218 1923 2258 Similiter

631 2274 783 2319 quando
808 2274 908 2310 cadit
937 2285 1047 2321 super
1074 2275 1347 2311 convexitatem
1380 2275 1513 2317 circuli,
1542 2275 1657 2312 habet
1687 2276 1922 2315 fortitudinis

632 2341 762 2367 causas
786 2330 921 2376 plures,
944 2333 1009 2368 sed
1036 2343 1110 2367 non
1138 2337 1197 2367 tot
1216 2332 1310 2369 sicut
1335 2333 1486 2379 quando
1513 2333 1611 2369 cadit
1636 2344 1752 2381 super
1778 2343 1922 2373 rectam

633 2388 790 2431 lineam;
813 2389 998 2435 colligitur
1021 2390 1118 2425 enim
1142 2390 1224 2436 ejus
1248 2389 1428 2426 fortitudo
1451 2401 1502 2425 ex
1526 2390 1705 2427 brevitate
1730 2391 1858 2430 lineae
1883 2401 1922 2431 et

634 2446 881 2483 uniformitate
896 2448 1053 2491 virtutis,
1068 2448 1104 2483 in
1119 2453 1299 2493 quantum
1317 2454 1472 2494 uterque
1496 2448 1653 2495 angulus
1669 2454 1729 2485 eet
1746 2451 1922 2495 obtusus,

633 2510 672 2541 et
687 2515 737 2540 ex
753 2504 1006 2551 aequalitate;
1030 2505 1126 2541 linea
1147 2505 1245 2541 enim
1270 2505 1581 2552 perpendicularis
1602 2517 1714 2553 super
1736 2509 1921 2545 circulum

634 2565 675 2595 ut
708 2565 896 2596 ostensum
929 2565 986 2596 est
1013 2560 1051 2596 in
1079 2567 1211 2606 quarta
1239 2567 1344 2608 parte
1371 2562 1482 2608 hujus
1508 2566 1703 2605 tractatus,
1733 2570 1796 2601 est
1820 2576 1923 2612 quae

633 2629 745 2663 super
776 2617 856 2663 ejus
888 2617 1218 2654 circumferentiam
1251 2619 1351 2654 cadit
1382 2620 1431 2654 ad
1462 2619 1618 2665 angulos
1657 2621 1840 2666 aequales
1883 2630 1922 2661 et

634 2675 812 2718 obtusos;
849 2675 945 2712 linea
979 2687 1067 2712 vero
1098 2687 1173 2712 non
1207 2677 1518 2723 perpendicularis
1545 2677 1646 2714 mdit
1671 2679 1720 2714 ad
1755 2681 1924 2727 angulos

633 2732 844 2778 inaequales
867 2738 906 2770 et
937 2733 1119 2781 obliquos,
1149 2745 1308 2782 quorum
1342 2746 1436 2771 unus
1466 2736 1623 2773 obtusus
1653 2742 1713 2773 est
1749 2743 1791 2774 et
1825 2739 1924 2777 alius
