2350 3580
832 692 961 725 PARS
987 691 1234 725 SECUNDA.-
1274 692 1372 725 CAP.
1399 691 1447 724 11.
1704 690 1769 734 461

500 786 559 817 est
583 781 683 827 quod
714 792 877 828 appareo
901 781 1044 824 Latine,
1068 788 1107 818 et
1131 781 1192 817 dia
1217 781 1315 817 idem
1340 787 1398 817 eet
1426 781 1527 828 quod
1554 782 1630 817 duo
1642 780 1670 816 ¹.
1720 781 1772 817 Et

499 838 646 885 phonos
666 844 723 875 eet
743 850 865 882 sonu&
886 840 984 875 unde
1006 840 1232 886 diaphonum
1253 840 1356 885 quasi
1381 839 1537 885 duplicis
1559 839 1771 876 sonoritatis

500 900 580 931 tam·
603 896 740 940 scilicet
765 897 803 932 in
825 897 902 932 imo
925 908 1037 943 quam
1064 898 1101 932 in
1123 909 1281 933 summo.
1331 896 1513 933 Lucidum
1530 908 1617 933 vero
1636 897 1771 933 dicitur

501 953 703 999 dupliciter,
727 955 785 990 vel
810 955 908 991 idern
934 956 1033 1001 quod
1053 954 1172 991 habet
1197 955 1321 990 lumen
1347 956 1513 991 innatum
1546 955 1640 990 sicut
1666 947 1771 999 ignis,

499 1011 621 1054 carbo,
644 1011 804 1056 flamma,
827 1017 867 1048 et
890 1012 1029 1055 stellae,
1046 1012 1105 1048 vel
1130 1013 1233 1058 quod
1257 1023 1331 1048 non
1356 1012 1404 1048 de
1428 1023 1469 1047 se
1493 1012 1599 1054 lucet,
1622 1012 1687 1047 sed
1712 1018 1771 1047 est

498 1068 663 1104 medium
679 1069 715 1104 in
734 1068 815 1105 luce
831 1081 896 1116 per
911 1070 1014 1114 quod
1033 1071 1174 1113 transit,
1191 1076 1231 1105 ut
1253 1081 1350 1117 aqua
1370 1069 1429 1106 vel
1452 1081 1522 1112 aer,
1537 1069 1594 1104 vel
1616 1080 1713 1115 aqua
1730 1074 1767 1104 et

500 1126 595 1172 ignis
612 1127 650 1162 in
666 1138 733 1162 sua
749 1127 915 1174 sphaera,
930 1133 968 1163 et
993 1127 1101 1163 orbes
1121 1128 1362 1174 planetarum.
1414 1127 1525 1164 Unde
1547 1126 1768 1163 Aristoteles

499 1183 587 1222 dicit
602 1186 762 1220 secundo
777 1186 824 1221 de
835 1185 974 1220 Anima
988 1186 1089 1232 quod
1105 1186 1207 1222 color
1218 1192 1274 1222 est
1285 1186 1445 1222 motivus
1452 1186 1551 1220 visus
1567 1185 1767 1220 secundum

498 1247 623 1276 actum
634 1241 754 1283 lucidi,
764 1242 800 1278 id
816 1249 881 1284 eet,
892 1243 1002 1279 medii
1021 1242 1216 1279 illuminati
1233 1249 1274 1279 ut
1287 1244 1380 1279 aeris
1392 1242 1450 1279 vel
1461 1242 1621 1279 alterius.
1665 1242 1714 1278 Et
1732 1242 1769 1278 in

499 1299 620 1344 primo
634 1299 1004 1347 Meteorologicorum
1015 1300 1106 1336 dicit
1118 1301 1219 1347 quod
1233 1301 1328 1346 ignis
1339 1305 1396 1336 est
1408 1300 1551 1336 lucidus
1564 1300 1602 1335 in
1613 1299 1769 1346 sphaera

498 1367 574 1400 sua,
590 1358 656 1400 sed
676 1363 800 1394 tamen
816 1369 890 1394 non
906 1358 1020 1394 habet
1037 1358 1154 1394 lucem
1180 1358 1297 1394 fixam
1323 1358 1388 1394 sed
1406 1363 1666 1399 transeuntem,
1682 1358 1769 1404 quia

497 1425 572 1450 non
587 1415 698 1451 habet
714 1415 835 1451 lucem
862 1415 977 1451 fixam
995 1416 1064 1451 nisi
1088 1416 1125 1451 in
1146 1416 1305 1451 carbone
1327 1421 1365 1451 et
1390 1415 1549 1451 flamma.
1600 1409 1768 1450 Densium

497 1483 585 1507 vero
600 1474 800 1519 opponitur
814 1474 987 1509 omnibus
1004 1474 1093 1517 istis,
1109 1475 1176 1509 sed
1194 1474 1313 1520 primo
1330 1479 1368 1521 et
1384 1484 1449 1520 per
1470 1484 1511 1507 se
1527 1471 1769 1508 contrariatur

498 1540 589 1570 raro,
606 1531 692 1576 quia
715 1531 871 1567 densum
895 1537 951 1567 ωε
975 1532 1074 1577 quod
1100 1531 1212 1567 habet
1234 1537 1356 1577 partes
1382 1530 1583 1576 propinque
1604 1529 1768 1575 jacentes

497 1591 536 1621 et
552 1587 736 1623 mediante
754 1600 835 1625 raro
850 1590 1049 1635 apponitur
1064 1589 1155 1626 aliis.
1206 1589 1247 1625 Si
1260 1590 1373 1625 etiam
1388 1588 1548 1624 medium
1566 1588 1613 1623 sit
1626 1587 1767 1633 duplex

496 1643 535 1678 in
566 1650 696 1681 natura
728 1651 768 1682 et
799 1647 933 1693 specie,
949 1653 986 1682 et
1018 1652 1145 1682 tamen
1186 1646 1380 1682 conveniat
1407 1646 1453 1681 ‘in
1492 1645 1768 1691 diaphaneitate

496 1702 675 1745 ordinata,
689 1708 728 1738 ut
740 1704 873 1739 accidit
887 1705 924 1739 in
937 1703 1095 1740 confinio
1111 1705 1204 1740 aeris
1218 1710 1258 1740 et
1274 1705 1381 1752 ignis,
1393 1703 1441 1739 ad
1455 1703 1525 1739 hoc
1539 1710 1594 1738 ωε
1607 1703 1767 1738 incessus

497 1764 635 1802 rectus;
664 1761 761 1795 unde
785 1772 914 1796 omnes
939 1761 1030 1798 radii
1059 1763 1122 1808 qui
1147 1767 1338 1797 transeunt
1367 1773 1390 1797 a
1419 1761 1574 1807 sphaera
1603 1761 1698 1806 ignis
1728 1760 1766 1794 in

495 1815 690 1861 sphaeram
722 1819 816 1854 aeris
847 1824 977 1855 tenent
1019 1819 1199 1855 incessum
1243 1825 1394 1861 rectum,
1434 1825 1472 1854 et
1513 1829 1587 1854 non
1627 1818 1766 1854 faciunt

495 1874 683 1921 angulum,
701 1876 795 1912 sicut
812 1876 959 1912 inferius
976 1877 1235 1923 explanabitur
1250 1888 1319 1913 suo
1346 1877 1438 1913 loco.
1490 1876 1540 1913 Et
1565 1877 1617 1912 sic
1639 1882 1694 1912 est
1718 1877 1766 1912 de

495 1933 708 1979 corporibus
724 1933 955 1975 coelestibus.
1005 1934 1104 1970 Nam
1121 1935 1229 1970 orbes
1246 1934 1432 1970 coelestes.
1444 1934 1529 1969 licet
1540 1933 1614 1969 sint
1631 1933 1765 1969 diversi

496 1989 534 2025 in
550 1996 680 2026 natura
697 1997 735 2027 et
754 1992 885 2037 specie,
902 1998 1026 2028 tamen
1040 1993 1259 2028 conveniunt
1277 1993 1313 2028 in
1330 1992 1616 2038 diapbaneitate,
1633 1997 1674 2026 ut
1690 2002 1765 2026 non

496 2048 718 2095 impediatur
758 2049 921 2085 incessus
961 2056 1082 2085 rectus
1113 2050 1238 2096 quoad
1270 2049 1450 2095 judicium
1483 2060 1611 2085 sensus
1642 2049 1765 2084 nostri.

496 2104 537 2141 Si
554 2111 678 2142 autern
695 2106 769 2141 sint
786 2106 907 2142 media
923 2107 1090 2142 diversae
1107 2107 1390 2152 diaphaneitatis
1406 2106 1632 2148 sensibiliter,
1649 2112 1690 2142 ut
1708 2111 1764 2142 est

493 2161 636 2198 coelum
662 2169 699 2200 et
723 2164 829 2210 ignis,
852 2165 1018 2200 similiter
1042 2176 1105 2200 aer
1128 2170 1167 2200 et
1191 2176 1296 2211 aqua,
1322 2171 1409 2200 tunc
1433 2165 1465 2199 si
1491 2165 1632 2210 specioe
1663 2164 1763 2200 venit

493 2221 838 2267 perpendiculariter
861 2232 972 2269 super
996 2233 1042 2258 ea
1065 2222 1186 2258 adhuc
1219 2222 1263 2258 fit
1294 2222 1454 2258 incessus
1479 2227 1606 2262 rectus,
1632 2232 1698 2257 nec
1721 2220 1762 2257 fit

493 2277 659 2325 angulus.
710 2278 822 2315 Unde
854 2291 981 2315 omnes
1013 2280 1117 2324 radii,
1148 2280 1212 2327 qui
1245 2280 1382 2316 cadunt
1415 2279 1763 2326 perpendiculariter

493 2343 603 2379 super
633 2344 787 2380 corpora
819 2335 958 2377 mundi,
991 2335 1061 2371 hoc
1095 2341 1162 2376 est,
1199 2335 1234 2370 in
1273 2341 1440 2371 centrum
1475 2335 1611 2378 mundi,
1637 2340 1763 2370 tenent

493 2390 674 2427 incessum
690 2398 829 2428 rectum
845 2393 883 2428 in
904 2393 973 2429 illis
989 2393 1210 2441 corporibus.

541 2446 617 2484 Sed
656 2450 805 2495 quando
841 2450 982 2497 speci&
1023 2462 1096 2487 non
1134 2451 1234 2487 oedit
1271 2449 1621 2496 perpendiculariter
1653 2460 1764 2495 super
1780 2466 1804 2485 ι.
1825 2457 1879 2485 Re-

492 2516 624 2553 oorpus
635 2507 836 2543 secundum
847 2508 1012 2543 diversae
1023 2507 1306 2555 diaphaneitatis
1318 2519 1341 2543 a
1357 2507 1486 2554 primo,
1499 2513 1586 2543 tunc
1601 2512 1764 2543 mutatur

1777 2493 1881 2522 fracted
1888 2502 1953 2530 ns·

1777 2530 1857 2558 when
1868 2529 1917 2558 the

492 2562 661 2606 incessus,
676 2576 744 2600 nec
762 2564 803 2600 fit
820 2571 941 2601 rectus
959 2566 996 2600 in
1012 2576 1165 2611 corpore
1182 2565 1345 2601 secundo
1362 2565 1561 2600 secundum
1580 2564 1760 2600 incessum
1775 2567 1909 2594 directim
1926 2567 1952 2594 is

1775 2602 1948 2639 „iniq-»ema

491 2632 601 2667 quem
625 2622 754 2658 habuit
778 2623 815 2658 in
841 2623 975 2668 primo,
995 2623 1059 2659 sed
1083 2624 1121 2658 in
1146 2623 1309 2669 ingressu
1335 2622 1468 2669 speciei
1494 2622 1530 2657 in
1552 2633 1685 2668 corpus
1706 2633 1762 2656 se·
1776 2639 1852 2666 unere
1865 2639 1916 2666 ἢ,

491 2679 653 2714 cundum
681 2679 809 2726 incipit
838 2680 1022 2716 declinare
1051 2681 1099 2716 ab
1128 2681 1268 2717 incessu
1297 2687 1398 2716 recto
1426 2680 1474 2716 ad
1502 2680 1673 2716 dextram
1703 2678 1760 2743 vel
1775 2675 1928 2746 Q‘ssg}

490 2736 690 2781 sinistram,
705 2743 744 2773 et
766 2736 853 2773 facit
874 2739 1073 2784 angulum3
1097 2743 1135 2774 et
1157 2738 1229 2774 hoc
1245 2743 1302 2773 est
1319 2738 1465 2784 proprie
1483 2735 1611 2773 fractio
1627 2736 1761 2783 speciei
1776 2747 1907 2775 medi-m.

527 2834 537 2851 ¹
554 2834 618 2862 The
630 2835 707 2863 habit
725 2835 761 2863 os
772 2836 897 2871 {pelling
913 2836 959 2863 din
971 2844 1004 2864 aa
1022 2836 1088 2871 ἆγε,
1101 2836 1158 2863 and
1174 2836 1224 2863 the
1243 2836 1459 2870 pronunciation
1480 2834 1514 2862 os
1526 2835 1575 2862 the
1595 2835 1719 2862 Greek&
1730 2844 1763 2863 aa

489 2879 541 2906 the
562 2878 662 2907 Iulian
684 2879 702 2914 i,
725 2887 792 2914 may
810 2880 925 2915 explain
947 2880 1006 2907 this
1028 2889 1117 2908 error.
1164 2879 1261 2907 Bacon
1280 2879 1429 2906 corrected
1450 2886 1531 2905 some
1550 2878 1583 2905 of
1598 2879 1644 2905 his
1666 2879 1763 2906 Greek

489 2922 727 2951 minate-inm
745 2923 1018 2959 hterwritinffin
1036 2921 1419 2951 lhavebesoreremarked.
1457 2920 1737 2957 SeevoLLp.239.
