2350 3580
594 695 953 733 PERSPECTWAE
978 698 1106 734 PARS
1131 699 1356 734 SECUNDA
1372 713 1384 734 .-
1421 700 1544 735 msr.
1574 701 1637 736 ΙΙΙ.
1725 710 1788 746 123

508 786 561 823 nd
583 788 761 836 maiorem
781 790 927 828 stellam
947 791 1044 828 sicut
1063 791 1113 830 ad
1138 791 1327 836 minorem,
1343 796 1382 828 et
1405 792 1454 829 ad
1479 791 1667 839 planetam
1692 793 1787 829 sicut

506 845 560 880 ad
581 846 727 883 soeuam
750 847 878 890 fixam.
898 854 938 886 et
959 850 1010 886 ad
1033 850 1179 886 stellam
1206 850 1243 886 in
1267 850 1459 886 horizonte
1482 850 1577 887 sieut
1603 850 1638 886 in
1664 851 1787 888 medio

509 902 628 945 006Ῐῖ
665 911 892 953 quapropter
922 907 1133 952 hujusmodi
1169 914 1323 944 conatus
1364 908 1456 943 nihil
1493 916 1666 955 operatur
1702 909 1787 944 hic:

509 959 706 998 dicendum
738 969 797 1000 at
819 965 921 1010 quod
953 966 1014 1001 sie
1062 965 1163 1002 Nam
1190 967 1288 1001 visus
1312 977 1362 1002 ex
1386 966 1653 1002 consuetudine
1674 966 1787 1002 habet

509 1018 614 1062 quod
630 1026 786 1058 conatur
807 1022 891 1069 plus
914 1028 954 1058 et
977 1023 1097 1059 minus
1114 1023 1320 1060 secundum
1339 1023 1554 1059 distantiam
1572 1022 1729 1063 visibilis,
1749 1028 1787 1060 et

508 1078 712 1114 seeundum
734 1079 964 1118 debilitatem
991 1082 1104 1129 ipsius
1120 1082 1231 1125 visus,
1247 1087 1284 1118 et
1305 1081 1505 1118 secundum
1528 1080 1628 1127 quod
1644 1080 1787 1117 visibile

509 1130 625 1172 habet
640 1149 770 1184 perum
788 1141 838 1178 de
852 1140 1075 1177 visibilitate.
1120 1141 1170 1175 Et
1183 1139 1194 1161 ¹
1211 1141 1296 1184 quia
1315 1141 1351 1174 in
1369 1140 1441 1174 hoc
1456 1139 1557 1174 visus
1572 1145 1628 1174 est
1645 1139 1786 1175 exerci-

509 1201 613 1233 tatus
635 1203 672 1234 et
696 1204 902 1243 consuetus,
926 1205 964 1237 et
988 1199 1219 1237 consuetudo
1243 1203 1299 1233 est
1323 1197 1439 1233 altera
1466 1203 1606 1241 natura,
1632 1202 1672 1233 ut
1697 1197 1786 1234 dicit

508 1254 744 1299 Aristotelen.
767 1262 805 1293 et
835 1258 998 1294 maxime
1021 1259 1059 1293 in
1083 1258 1172 1298 visu.
1199 1262 1241 1292 ut
1265 1257 1401 1292 docent
1425 1261 1592 1291 auctores
1617 1266 1787 1302 perspec-

509 1313 618 1351 uvae.
668 1314 779 1352 Unde
795 1327 867 1352 non
888 1315 1042 1363 percipit
1065 1327 1106 1351 se
1127 1314 1253 1350 videre
1275 1324 1344 1361 per
1367 1313 1605 1349 reflexionem
1633 1319 1671 1348 et
1695 1312 1786 1350 frac-

508 1372 658 1416 tionem,
674 1373 739 1408 sed
756 1384 821 1420 per
838 1373 950 1409 lineas
967 1378 1084 1409 rectas
1103 1377 1261 1412 tanturn.
1276 1372 1361 1419 quia
1379 1372 1568 1407 consuevit
1584 1371 1705 1407 videre
1720 1382 1787 1416 per

509 1429 626 1466 linens
640 1435 768 1472 rectas,
782 1432 878 1467 sicut
893 1431 1041 1466 inferius
1057 1430 1312 1466 declarabitur.
1364 1429 1415 1465 Et
1441 1430 1525 1466 ideo
1543 1430 1578 1465 in
1601 1433 1787 1475 potestate

507 1487 658 1524 animae
689 1487 872 1525 rationalis
906 1501 979 1525 non
1014 1495 1070 1525 est
1102 1493 1257 1524 conatus
1283 1488 1394 1531 visus,
1423 1487 1519 1523 sicut
1546 1498 1614 1523 nec
1642 1492 1787 1523 caetera

506 1544 645 1590 judicia
668 1551 853 1590 consueta,
877 1547 1045 1594 quamvis
1069 1547 1128 1583 hic
1154 1547 1314 1582 nitantur
1342 1545 1452 1592 aliqui
1480 1556 1547 1592 per
1574 1544 1787 1591 hujusmodi

508 1602 775 1639 cavillationem
791 1610 966 1641 conatum
982 1605 1091 1645 hune,
1110 1611 1146 1641 et
1172 1605 1356 1651 quaedam
1379 1603 1583 1641 consimilia
1608 1602 1788 1638 naturalia

506 1660 601 1696 visui
634 1666 822 1704 consueta,
856 1662 1059 1708 reprobare.
1125 1662 1165 1698 Si
1206 1662 1407 1707 objiciatur,
1443 1661 1543 1707 quod
1576 1661 1675 1696 visus
1713 1670 1786 1696 non

505 1716 650 1764 judicat
665 1718 715 1754 de
729 1718 906 1755 distantia
922 1718 1152 1766 planetarum
1174 1724 1213 1755 et
1234 1718 1433 1762 stellarum,
1450 1718 1529 1754 sola
1554 1718 1653 1753 enIm
1675 1717 1787 1754 ratio-

507 1775 693 1812 cinatione
725 1776 1068 1823 comprehendimus
1101 1776 1290 1813 stellarum
1325 1776 1532 1817 distantias,
1565 1786 1652 1820 ergo
1687 1775 1787 1810 visus

507 1833 710 1879 aequaliter
732 1833 916 1879 judicabit
942 1835 991 1870 de
1014 1834 1130 1870 stellis
1154 1834 1241 1870 fixis
1268 1840 1304 1870 et
1334 1834 1501 1880 planetis,
1530 1838 1707 1879 quantum
1736 1833 1785 1869 ad

507 1891 698 1936 passiones
715 1903 836 1927 rerum
850 1892 1045 1928 visibilium
1070 1904 1168 1938 quae
1191 1892 1392 1928 fundantur
1415 1903 1525 1938 super
1548 1892 1787 1933 distantiam:

507 1947 706 1984 dicendum
731 1954 799 1990 est.
823 1949 923 1996 quod
948 1960 1035 1986 non.
1084 1948 1185 1985 Nam
1216 1949 1302 1985 licet
1329 1960 1404 1986 non
1435 1954 1557 1995 potest
1586 1948 1787 1984 certificare

507 2006 721 2043 distantiam
738 2005 937 2048 stellarum,
954 2007 1041 2053 quia
1065 2018 1139 2043 non
1165 2012 1252 2043 sunt
1276 2018 1432 2054 corpora
1457 2006 1668 2041 continuata
1694 2005 1788 2041 inter

506 2061 641 2107 stellas,
675 2068 801 2100 tamen
843 2069 994 2111 propter
1032 2065 1212 2110 majorem
1245 2065 1523 2100 sensibilitatem
1558 2062 1786 2110 planetarum

506 2119 795 2167 splendidorum,
810 2127 854 2158 ut
877 2121 1018 2158 dictum
1043 2127 1110 2165 est,
1128 2127 1308 2169 apparent
1333 2121 1583 2169 propinquius,
1603 2120 1685 2156 licet
1712 2131 1786 2156 non

506 2177 599 2213 sciat
614 2178 712 2214 visus
728 2179 848 2214 dicere
863 2185 1043 2226 quantum
1068 2180 1141 2216 sint
1161 2180 1410 2227 propinquius.
1463 2179 1515 2214 Et
1540 2179 1672 2214 iterum
1698 2179 1787 2225 quia

506 2236 668 2282 speciem
701 2236 914 2272 debiliorem
949 2237 1077 2282 recipit
1111 2249 1134 2273 a
1164 2237 1252 2273 fixis
1283 2237 1400 2273 stellis
1432 2247 1544 2282 quarn
1570 2247 1592 2271 a
1616 2236 1785 2281 planetis.

507 2292 597 2338 quia
626 2293 771 2340 species
802 2293 1014 2330 debilitatur
1048 2306 1098 2330 ex
1130 2295 1317 2337 distantia,
1352 2294 1472 2339 magis
1504 2299 1656 2329 conatur
1687 2293 1786 2328 visus

507 2349 602 2385 cirea
624 2350 765 2397 speeies
786 2350 942 2387 fixarum
963 2362 1074 2397 quam
1099 2352 1194 2388 circa
1216 2352 1356 2398 species
1374 2351 1616 2398 planetarum,
1634 2356 1672 2387 et
1690 2350 1787 2387 simi·

507 2406 593 2442 liter
618 2408 760 2453 species
782 2409 883 2443 visus
911 2409 1125 2444 debilitatur
1154 2421 1204 2444 ex
1233 2409 1419 2452 distantia,
1444 2414 1481 2443 et
1512 2408 1596 2443 ideo
1625 2419 1697 2443 non
1729 2413 1786 2442 est

506 2469 636 2500 tantae
665 2464 810 2500 virtutis
843 2477 926 2501 cum
951 2467 1117 2512 pervenit
1142 2467 1190 2502 ad
1216 2467 1360 2502 visibile
1390 2464 1546 2501 multum
1573 2464 1724 2505 distans.
1748 2470 1787 2500 et

508 2521 594 2556 ideo
609 2526 766 2558 conatur
780 2522 864 2570 plus
881 2528 919 2558 et
934 2523 1069 2559 accidit
1085 2523 1163 2570 ejus
1182 2523 1361 2559 involutio
1378 2530 1416 2559 et
1433 2528 1556 2559 motus
1575 2522 1703 2568 major.

557 2579 625 2616 Si*
647 2580 851 2625 objiciatur,
869 2581 969 2626 quod
994 2581 1090 2617 sieut
1114 2593 1164 2616 ex
1191 2582 1366 2618 distantia
1391 2581 1605 2617 debilitatur
1622 2581 1729 2622 visus,
1746 2585 1784 2614 et
1803 2584 1916 2620 nensny

1798 2620 1831 2649 of
1840 2621 1887 2649 the

507 2634 635 2672 deficit
656 2642 695 2673 et
717 2643 872 2674 conatur
887 2643 925 2674 et
941 2639 1149 2681 revolvitur,
1171 2639 1224 2674 sic
1249 2650 1299 2674 ex
1323 2639 1506 2674 densitate
1532 2638 1642 2673 medii
1660 2637 1783 2673 deficit
1798 2656 1928 2685 medium.

545 2730 554 2746 ¹
573 2730 646 2759 'nii-
662 2735 801 2760 sentence
819 2733 843 2760 is
860 2732 1081 2766 gnmmatically
1101 2732 1285 2767 ineomphete,
1299 2732 1347 2759 the
1367 2731 1513 2759 inferente
1532 2732 1618 2766 being
1638 2732 1736 2759 drawn
1757 2732 1785 2759 in

507 2772 558 2802 the
578 2776 650 2802 next
668 2774 720 2802 but
739 2783 806 2802 one.
841 2774 906 2802 The
924 2775 1122 2803 inter-mediate
1141 2780 1281 2803 sentence
1300 2775 1325 2802 is
1343 2783 1360 2802 s.
1378 2775 1585 2810 parenthetieal
1606 2775 1784 2803 illustr-tlon.

506 2815 573 2844 The
588 2824 686 2852 nenee,
701 2815 847 2851 διηνεκῆ
860 2818 886 2845 'u
898 2817 977 2845 clear
988 2820 1112 2853 enough.

541 2860 556 2879 ¹
570 2859 644 2888 ‘nus
661 2860 692 2888 ln
713 2860 750 2889 0.
775 2860 876 2895 begins
890 2869 908 2888 a
930 2868 998 2888 new
1014 2861 1141 2896 chapter.
1185 2861 1211 2888 lt
1226 2870 1330 2895 seems,
1346 2861 1492 2895 however,
1507 2860 1609 2896 hardly
1623 2868 1785 2895 nocam.

505 2905 570 2934 The
580 2905 662 2934 uus!
675 2906 881 2935 dicendumest
892 2906 964 2935 does
977 2911 1028 2934 not
1035 2906 1132 2934 follow
1139 2907 1222 2935 here.
1261 2905 1301 2934 lts
1313 2906 1394 2942 place
1407 2907 1432 2934 is
1445 2905 1532 2934 taken
1545 2906 1583 2942 by
1593 2906 1628 2934 Et
1640 2907 1786 2935 Averroes

506 2948 673 2986 respondet.
