2350 3580
1869 539 1881 546 ι
1916 339 1968 559 ΙΙ

599 717 648 761 98
855 719 1028 752 OPERIS
1053 717 1263 758 MAJORJS
1289 717 1417 750 PARS
1444 716 1635 758 QUINTA.

416 812 555 856 *mono-3
603 820 695 857 axes
719 815 872 856 possunt
897 808 1077 855 obliquari
1102 808 1213 844 nimis
1236 808 1285 845 ab
1310 819 1383 845 axe
1414 806 1612 851 communi,
1636 811 1678 842 ut
1711 804 1885 852 patetvin

414 848 593 921 ffiffigzhgf
605 866 731 912 figura.
781 867 878 902 Nam
897 878 919 901 a
937 866 957 902 b
972 866 1001 901 d
1014 857 1170 912 ang-ulus
1191 866 1227 900 in
1244 866 1265 901 b
1281 865 1390 901 oculo
1412 869 1469 900 est
1494 864 1603 911 longe
1625 863 1743 909 major
1765 872 1886 909 quam

417 920 590 949 ocum-xa.
603 936 628 959 a
642 936 662 960 c
676 923 706 960 d
717 923 872 970 angulus
888 924 923 959 in
942 923 1050 959 oculo
1064 936 1094 965 c,
1111 928 1149 959 et
1165 923 1251 960 ideo
1269 923 1337 959 erit
1359 934 1469 962 error.
1490 928 1527 958 et
1545 921 1729 958 videbitur
1747 932 1774 957 a
1792 921 1886 961 duo.

1299 980 1347 1017 ad
1380 980 1481 1026 quod
1514 979 1756 1016 terminantur
1787 989 1888 1014 axes

1299 1037 1321 1073 b
1352 1050 1385 1081 ιι,
1418 1042 1457 1073 et
1487 1049 1507 1072 c
1540 1049 1574 1081 a,
1606 1042 1644 1073 et
1681 1037 1752 1072 hoc
1793 1037 1886 1082 quia

1300 1095 1487 1132 declinant
1512 1095 1559 1131 ab
1583 1107 1604 1131 e
1625 1093 1655 1130 d
1675 1106 1748 1130 axe
1777 1105 1887 1130 com-

1301 1151 1441 1189 muni1.
1490 1152 1542 1188 Et
1563 1152 1634 1188 hoc
1652 1158 1709 1188 est
1730 1151 1888 1198 quando

1269 1242 1272 1249 .
1301 1211 1396 1246 oculi
1430 1215 1647 1246 convertunt
1674 1220 1767 1245 axes
1794 1220 1887 1245 suos

1301 1269 1350 1304 ab
1383 1280 1456 1304 axe
1492 1268 1678 1304 communi
1714 1267 1763 1303 ad
1798 1276 1888 1314 par-

1301 1331 1376 1362 tem
1415 1325 1522 1361 unius
1562 1324 1669 1369 oculi,
1705 1330 1741 1361 et
1787 1323 1888 1360 alius

1301 1383 1430 1420 oculus
1486 1382 1652 1428 sequitur
1698 1386 1886 1428 quantum

879 1372 944 1400 1³10.
959 1381 1003 1407 44.

604 1441 679 1477 fieri
712 1447 836 1488 potest
868 1442 1074 1485 declinatio,
1101 1448 1139 1477 et
1165 1442 1253 1476 ideo
1282 1452 1374 1476 axes
1400 1452 1472 1476 non
1498 1441 1739 1476 terminantur
1764 1439 1813 1476 ad
1848 1439 1888 1482 d.

604 1510 670 1534 nec
696 1505 782 1534 sunt
799 1500 819 1534 b
835 1500 870 1542 d,
895 1505 931 1535 et
954 1512 974 1534 c
997 1500 1030 1542 d,
1048 1501 1112 1535 sed
1139 1500 1161 1535 b
1185 1511 1209 1534 a
1234 1503 1270 1534 et
1294 1511 1313 1534 c
1336 1511 1370 1542 a,
1388 1509 1472 1534 nam
1503 1509 1594 1533 axes
1621 1499 1674 1534 sic
1694 1496 1888 1534 declinant

604 1568 626 1591 a
659 1556 730 1593 situ
766 1568 832 1592 suo
875 1557 1031 1592 naturali
1068 1563 1106 1592 et
1149 1556 1399 1602 obliquantur.
1466 1554 1625 1592 Possunt
1658 1555 1773 1592 etiam
1809 1560 1886 1591 ter·

605 1614 735 1650 minari
761 1614 809 1650 ad
840 1621 1017 1661 punctum
1049 1615 1100 1650 rei
1125 1615 1228 1650 visae
1254 1613 1363 1655 idem,
1385 1613 1456 1648 sub
1483 1617 1607 1648 tamen
1634 1613 1778 1648 diverso
1806 1612 1886 1650 situ

605 1677 770 1717 respectu
801 1673 899 1707 nervi
930 1672 1157 1712 communisz
1191 1676 1228 1707 et
1252 1677 1339 1707 tunc
1361 1671 1507 1707 videtur
1529 1669 1592 1706 ille
1615 1675 1774 1717 punctus
1795 1670 1887 1714 duo,

604 1728 698 1764 sicut
726 1734 828 1776 patet
855 1742 919 1775 per
941 1729 1185 1765 elevationem
1210 1729 1315 1764 unius
1342 1728 1440 1764 oculi
1463 1741 1485 1764 a
1506 1727 1676 1767 situ.suo
1696 1734 1797 1764 recto
1822 1727 1886 1764 vel

604 1787 803 1832 utriusque.
854 1787 904 1823 Et
930 1798 978 1823 ex
1001 1787 1059 1823 his
1085 1786 1396 1833 obliquationibus
1423 1790 1525 1832 patet
1550 1785 1750 1829 manifeste,
1780 1785 1887 1832 quod

606 1844 684 1878 sive
699 1855 790 1878 axes
808 1844 1043 1890 obliquantur
1061 1844 1170 1879 nimis
1185 1844 1234 1879 ab
1251 1855 1323 1879 axe
1341 1843 1538 1886 communi,
1554 1843 1632 1879 sive
1645 1854 1702 1878 res
1717 1843 1808 1886 visa,
1824 1843 1887 1880 vel

604 1912 688 1947 pars
705 1903 754 1936 rei
777 1902 876 1938 visae
892 1903 999 1937 nimis
1023 1900 1234 1948 obliquetur
1252 1900 1301 1937 ab
1325 1900 1456 1936 axibus
1479 1900 1677 1944 oculorum,
1697 1900 1887 1938 videbitur

604 1958 699 1994 male
721 1970 788 2000 κε,
812 1965 848 1994 et
871 1959 943 1995 hoc
963 1959 1040 1995 sive
1061 1970 1137 1994 uno
1158 1958 1276 2003 oculo,
1299 1958 1376 1994 sive
1400 1958 1554 2000 duobus,
1576 1959 1654 1994 sive
1678 1959 1792 1995 etiam
1815 1958 1887 1996 fiat

601 2016 808 2061 obliquatio
841 2017 1119 2052 extremitatum
1158 2017 1210 2051 rei
1244 2028 1268 2051 a
1294 2015 1413 2051 faciali
1443 2016 1687 2062 oppositione.
1738 2016 1791 2052 Et
1816 2027 1888 2063 per

604 2074 813 2118 oppositum
841 2075 919 2115 erit,
943 2075 1043 2119 quod
1068 2074 1159 2109 illud
1188 2075 1285 2120 quod
1316 2072 1492 2110 facialiter
1517 2075 1586 2109 erit
1612 2074 1807 2119 objectum,
1833 2075 1884 2111 ad

604 2131 704 2176 quod
723 2131 801 2166 axis
819 2131 988 2176 specialis
1009 2137 1045 2167 et
1063 2131 1269 2168 communis
1292 2137 1523 2176 concurrunt,
1540 2131 1725 2168 videbitur
1745 2131 1783 2167 in
1807 2130 1888 2168 fine

604 2188 841 2225 certitudinis.
892 2188 932 2225 Si
968 2200 1053 2225 vero
1089 2189 1138 2225 sit
1172 2199 1286 2235 prope
1321 2200 1421 2231 axes,
1450 2200 1505 2225 res
1538 2189 1586 2226 ab
1616 2189 1746 2225 eadem
1776 2194 1888 2237 parte

605 2246 788 2280 videbitur
806 2247 1026 2281 sufficienter
1035 2260 1045 2288 ,-
1072 2251 1109 2281 et
1129 2247 1182 2282 sic
1203 2247 1387 2282 minuetur
1405 2246 1497 2281 visio
1514 2246 1678 2292 ejusdem
1696 2247 1747 2282 rei
1765 2258 1888 2294 usque

605 2303 651 2337 ad
686 2302 806 2338 locum
835 2309 959 2339 tantae
983 2305 1245 2350 obliquationis
1279 2305 1379 2350 quod
1406 2315 1518 2339 unum
1545 2305 1689 2340 videtur
1723 2305 1809 2347 duo,
1843 2311 1887 2341 ut

605 2361 832 2407 praedictum
870 2367 934 2397 est.
986 2361 1037 2396 Et
1069 2362 1201 2397 horurn
1236 2362 1401 2397 omnium
1436 2372 1545 2397 causa
1578 2367 1645 2403 est,
1678 2361 1885 2399 secundum

605 2417 772 2453 Alhazen
791 2419 826 2453 in
841 2419 952 2453 tertio
969 2419 1072 2461 libro,
1084 2424 1122 2454 et
1141 2418 1392 2471 Ptolemaeum
1412 2419 1576 2454 similiter
1594 2419 1627 2454 in
1643 2420 1763 2461 tertio,
1778 2420 1885 2466 quod

604 2477 752 2521 quando
788 2488 841 2511 res
879 2475 1054 2511 facialiter
1092 2477 1236 2512 videtur
1272 2476 1327 2511 vel
1364 2488 1490 2522 prope,
1516 2482 1603 2512 tunc
1637 2477 1778 2523 species
1802 2477 1887 2523 ejus

606 2533 706 2569 venit
730 2533 778 2568 ad
803 2533 1032 2579 superficiem
1057 2534 1223 2579 glacialis
1248 2534 1314 2570 sub
1343 2546 1476 2580 magno
1501 2533 1636 2580 angulo
1661 2540 1698 2570 et
1724 2541 1887 2584 occupat

606 2602 777 2636 magnam
810 2596 950 2636 partem
977 2591 1148 2637 pupillae*
1172 2591 1208 2626 in
1234 2602 1305 2637 qua
1330 2591 1551 2626 sensibiliter
1576 2598 1729 2638 possunt
1754 2598 1886 2640 partes

604 2646 801 2693 distingui;
843 2650 906 2683 sed
943 2649 1090 2693 quando
1123 2653 1178 2684 est
1212 2660 1347 2694 magna
1381 2649 1597 2695 obliquatio,
1623 2654 1712 2684 tune
1738 2651 1888 2696 species

604 2705 704 2740 venit
737 2706 806 2740 sub
843 2718 954 2752 parvo
981 2705 1117 2751 angulo
1150 2705 1196 2741 ad
1233 2706 1436 2742 membrum
1463 2706 1634 2750 sentiens,
1658 2712 1696 2742 et
1722 2714 1885 2754 occupat

605 2774 752 2809 parvam
790 2769 930 2810 partem
966 2762 1070 2805 illius,
1103 2764 1154 2798 ita
1188 2763 1287 2809 quod
1323 2763 1581 2800 insensibiliter
1614 2773 1889 2812 congregantur

605 2820 746 2866 species*
764 2821 919 2866 partium
945 2821 994 2855 rei
1019 2822 1129 2862 visae,
1148 2827 1185 2855 et
1210 2822 1439 2857 collocantur
1461 2822 1618 2865 confuse,
1636 2827 1674 2857 et
1695 2823 1780 2858 ideo
1807 2835 1887 2862 non

603 2883 658 2913 est
672 2877 850 2923 judicium
870 2883 1009 2914 certum
1031 2880 1078 2914 de
1094 2879 1158 2914 eis.
1212 2877 1261 2913 Et
1279 2879 1330 2914 sic
1348 2884 1475 2925 patent
1490 2880 1612 2915 omnia
1628 2892 1725 2926 quae
1743 2881 1888 2920 habent

731 2943 740 2959 ¹
760 2943 830 2971 This
843 2944 868 2971 is
883 2944 1014 2978 wrongly
1027 2944 1158 2978 lettered.
1172 2944 1240 2972 both
1254 2944 1283 2972 in
1296 2944 1347 2972 the
1359 2948 1421 2973 tut
1434 2945 1490 2973 and
1503 2945 1554 2973 the
1567 2946 1667 2981 figure,
1681 2946 1711 2974 in
1723 2946 1752 2981 J.
