2350 3580
609 738 676 772 194
870 728 1043 762 OPERIS
1068 728 1279 768 MAJoms
1306 728 1433 761 PARS
1458 727 1624 761 SEXTA.

606 819 652 856 de
675 818 766 855 iride
790 818 968 865 reperitur
990 819 1180 861 evacuari;
1211 823 1249 853 et
1268 818 1350 854 ideo
1376 818 1427 852 sic
1452 817 1727 864 intelligendum
1755 822 1814 853 est
1839 818 1889 855 de

606 877 854 912 hac.salsitate
870 877 948 922 jam
972 881 1157 916 evacuata.
1210 876 1261 910 Et
1280 887 1326 911 ne
1347 877 1492 911 animus
1515 875 1772 922 suspendatur.
1789 875 1888 917 dico,

606 936 703 980 quod
726 934 824 969 idem
846 938 903 969 est
923 932 1054 969 falsum
1078 935 1179 979 quod
1203 932 1359 969 habetur
1382 933 1419 968 in
1442 938 1550 969 textu
1567 932 1728 979 vulgum
1743 931 1888 968 scilicet

606 991 704 1038 quod
726 991 786 1027 iris
804 1002 878 1026 non
899 997 1068 1026 causatur
1090 1002 1112 1027 a
1138 990 1225 1026 iuna
1250 990 1315 1026 nisi
1336 991 1394 1026 bis
1418 990 1454 1025 in
1481 990 1743 1037 quinquaginta
1765 990 1887 1027 annis.

606 1049 704 1085 Nam
737 1049 1030 1094 quandocunque
1063 1048 1150 1083 luna
1184 1048 1293 1094 plena
1330 1055 1394 1089 est,
1421 1053 1457 1084 et
1487 1059 1561 1083 non
1593 1048 1792 1093 impeditur
1820 1058 1888 1093 per

605 1108 749 1147 nubem,
780 1111 817 1142 et
850 1107 897 1152 ,sit
932 1106 1083 1142 materia
1102 1106 1236 1141 rorida
1271 1107 1308 1141 in
1341 1106 1515 1152 opposito
1550 1105 1636 1150 ejus.
1666 1110 1790 1151 potest
1825 1105 1887 1140 iris

604 1174 779 1210 apparere
799 1164 893 1199 sicut
913 1176 979 1210 per
994 1163 1131 1204 solem;
1157 1169 1195 1199 et
1212 1162 1281 1199 hoc
1301 1169 1422 1208 potest
1442 1163 1672 1209 experientia
1687 1161 1886 1209 cujuslibet

604 1221 770 1267 probare,
788 1226 826 1257 et
843 1221 1039 1268 probatum
1057 1226 1111 1257 est
1130 1232 1196 1268 per
1212 1221 1464 1267 experientias
1481 1225 1610 1257 certas.

1068 1355 1320 1392 Cam-rurum
1350 1355 1420 1391 XI.

416 1452 477 1480 The
490 1453 559 1481 form
652 1443 710 1479 De
740 1442 856 1488 figura
880 1453 968 1476 vcro
994 1441 1094 1476 iridis
1119 1447 1174 1476 est
1200 1442 1361 1477 maxima
1386 1441 1593 1477 difficultas.
1642 1441 1741 1476 Nam
1766 1440 1884 1487 aliqui

415 1490 579 1553 25:3th⁸
601 1501 797 1536 aestimant
830 1500 928 1545 quod
966 1501 1100 1534 debeat
1134 1499 1280 1545 figurari
1316 1501 1412 1535 sicut
1452 1505 1507 1534 est
1541 1500 1638 1535 basis
1677 1499 1886 1545 pyramidis

415 1562 559 1597 expiained
601 1557 795 1593 rotationis
817 1556 1048 1599 distillantis;
1079 1562 1117 1592 et
1139 1556 1210 1592 hoc
1236 1563 1292 1592 est
1316 1556 1552 1603 impossibile.
1604 1556 1701 1592 Nam
1724 1557 1758 1592 in
1783 1568 1884 1592 rora-

414 1598 568 1663 Ῑέῐῐὲξτῗξζ,
601 1614 764 1651 tionibus
781 1626 828 1650 ex
852 1615 1072 1659 aspersione,
1090 1619 1194 1660 patet
1212 1626 1278 1660 per
1294 1614 1569 1662 experientiam,
1585 1615 1683 1661 quod
1706 1614 1743 1649 in
1765 1614 1884 1661 giobo

601 1673 795 1707 rotationis
821 1671 1026 1717 irregularis
1055 1671 1194 1717 figurae
1219 1677 1373 1718 apparet
1399 1672 1514 1718 figura
1541 1672 1652 1707 iridis.
1703 1671 1885 1708 Similiter

600 1730 651 1765 ilii
667 1729 690 1774 ¹,
708 1731 768 1776 qui
788 1731 912 1765 dicunt
932 1729 1057 1765 iridem
1075 1730 1214 1765 causari
1234 1742 1281 1765 ex
1301 1729 1485 1773 fractione,
1504 1735 1543 1765 ut
1567 1729 1701 1765 habeat
1724 1728 1883 1774 figuram

600 1787 803 1833 pyramidis
832 1786 1053 1823 assimilatae
1083 1797 1216 1821 curvae
1245 1787 1445 1833 superficiei
1472 1787 1675 1834 pyramidis
1700 1787 1885 1823 rotundae

599 1855 799 1891 expansam
819 1845 856 1878 in
874 1845 1083 1889 oppositum
1101 1844 1201 1885 solis.
1221 1851 1371 1891 propter
1387 1847 1485 1892 quod
1505 1844 1643 1891 figurae
1663 1845 1884 1880 aestimatur

599 1903 798 1938 secundum
826 1913 888 1936 eos
912 1900 1077 1936 arcuaiis.
1129 1900 1180 1936 Et
1199 1903 1283 1947 quia
1301 1914 1414 1938 conus
1430 1903 1638 1948 praedictae
1664 1903 1883 1948 pyramidis,

599 1965 640 1995 ut
657 1959 795 2001 dicunt,
811 1965 868 1994 est
887 1970 999 2005 prope
1017 1965 1161 2004 terram,
1181 1967 1219 1995 et
1234 1959 1314 2004 ejus
1332 1960 1510 2006 expansio
1534 1965 1588 1995 est
1607 1960 1643 1995 in
1667 1959 1880 2006 oppositum

598 2016 692 2057 solis.
712 2028 858 2052 necesse
883 2022 939 2051 est
963 2021 1003 2050 ut
1028 2017 1208 2051 medietas
1230 2017 1323 2052 iilius
1347 2017 1485 2065 figurae
1505 2017 1561 2053 vel
1585 2017 1743 2062 amplius
1767 2017 1882 2053 cadat

597 2074 635 2109 in
657 2074 886 2120 ,superficiem
912 2079 1037 2115 terrae.
1057 2079 1093 2108 et
1116 2074 1259 2120 reliqua
1285 2076 1463 2110 medietas
1478 2075 1537 2110 vel
1564 2075 1682 2110 minus
1705 2075 1818 2110 cadat
1842 2076 1880 2111 in

597 2131 808 2178 oppositum
826 2130 937 2166 εοΙῑεΞ
956 2131 990 2166 in
1009 2131 1117 2166 nube.
1165 2131 1241 2168 Sed
1261 2132 1359 2167 istud
1379 2134 1592 2178 reprobatur
1607 2143 1673 2178 per
1688 2132 1758 2168 hoc
1776 2133 1880 2178 quod

595 2189 792 2234 probatum
819 2193 876 2223 est
901 2189 1001 2233 quod
1030 2189 1091 2222 iris
1119 2199 1190 2223 non
1221 2195 1342 2235 potest
1372 2190 1534 2236 generari
1563 2201 1627 2236 per
1653 2189 1883 2231 fractionem.

595 2247 770 2291 quoniam
801 2247 837 2280 in
867 2247 1051 2280 roratione
1081 2247 1301 2292 aspersionis
1335 2259 1407 2282 non
1439 2259 1632 2293 possumus
1661 2246 1878 2292 hujusmodi

596 2315 744 2339 causam
759 2303 897 2349 figurae
914 2305 1012 2338 dare.
1050 2302 1189 2338 Dicunt
1208 2306 1303 2339 enim
1323 2305 1423 2350 quod
1441 2305 1530 2340 radii
1543 2305 1641 2350 prius
1658 2305 1880 2350 franguntur

595 2361 633 2396 in
657 2361 892 2407 contiguitate
914 2361 1008 2396 aeris
1030 2367 1068 2395 et
1092 2361 1210 2403 nubis,
1228 2367 1263 2397 et
1289 2368 1418 2408 postea
1442 2362 1476 2396 in
1501 2362 1743 2407 contiguitate
1768 2362 1879 2398 nubis

594 2423 631 2453 et
661 2419 775 2464 partis
806 2419 1001 2463 superioris
1034 2418 1145 2463 ipsius
1181 2419 1383 2461 rotationis,
1412 2425 1451 2453 ut
1483 2430 1547 2464 per
1578 2420 1645 2454 has
1678 2419 1879 2455 fractiones

594 2480 810 2511 concurrant
832 2475 921 2510 radii
941 2475 977 2510 in
1001 2480 1104 2520 parte
1128 2474 1285 2511 inferiori
1310 2476 1501 2528 rorationis
1521 2482 1558 2512 et
1581 2477 1736 2512 densiori
1748 2489 1758 2519 ,-
1787 2488 1878 2513 nam

593 2543 677 2579 pars
701 2533 848 2568 densior
872 2538 927 2568 est
952 2532 1099 2568 inferior
1123 2533 1211 2578 quia
1241 2534 1394 2579 gravior.
1447 2533 1503 2569 Ibi
1530 2534 1625 2569 enim
1652 2533 1743 2569 radii
1769 2533 1878 2570 fracti

590 2591 686 2625 sicut
715 2602 737 2624 a
770 2601 863 2624 cono
895 2590 1112 2635 pyramidaii
1150 2602 1190 2625 se
1222 2591 1432 2626 diffundunt
1465 2603 1536 2626 non
1572 2592 1607 2626 in
1643 2592 1877 2638 pyramidem

593 2649 799 2690 rotundam,
835 2652 874 2682 ut
916 2649 1050 2690 dicunt,
1085 2649 1150 2683 sed
1192 2649 1225 2683 in
1265 2649 1419 2695 figuram
1461 2649 1698 2684 assimilatam
1740 2660 1878 2685 curvae

591 2705 794 2751 superficiei
812 2705 1012 2751 pyramidis
1033 2705 1214 2740 rotundae
1228 2705 1253 2740 ³.
1307 2706 1412 2742 Patet
1443 2717 1532 2751 ergo
1565 2706 1666 2752 quod
1700 2717 1765 2752 per
1797 2713 1876 2744 tm

629 2780 637 2796 ¹
657 2780 719 2806 The
732 2785 868 2806 sentence
883 2781 908 2806 is
921 2784 970 2806 not
986 2780 1143 2814 completed
1158 2790 1164 2812 ;
1184 2785 1290 2813 erunt.
1303 2790 1336 2809 or
1350 2791 1432 2809 some
1447 2782 1518 2809 auch
1532 2781 1614 2809 word
1627 2785 1701 2809 must
1715 2781 1752 2809 be
1765 2783 1874 2811 under*

590 2823 684 2851 stood.

627 2866 637 2882 ¹
656 2866 717 2893 The
737 2871 915 2901 twenty-one
933 2867 1032 2894 words
1053 2866 1123 2894 from
1144 2875 1267 2895 necesse
1290 2873 1333 2895 est
1356 2873 1385 2895 ιο
1408 2868 1567 2903 oppositum
1589 2867 1658 2895 solis
1680 2876 1730 2895 are
1752 2868 1877 2897 omitted

593 2911 620 2937 in
638 2908 664 2943 J.

628 2955 638 2968 ³
659 2953 721 2985 itis
735 2957 786 2980 not
799 2953 875 2987 quite
890 2953 965 2979 clear
978 2953 1057 2980 what
1070 2953 1161 2987 figure
1174 2954 1200 2979 is
1213 2959 1327 2987 memt;
1356 2955 1527 2990 appuently
1545 2964 1563 2982 ι
1581 2962 1654 2982 enne
1674 2954 1746 2982 with
1766 2955 1876 2991 enimin
