2350 3580
635 503 705 548 546
927 504 1028 537 ΜΠΙ.
1034 503 1218 537 TIPLICA
1224 503 1272 536 TI
1271 503 1302 536 Ο
1326 500 1615 536 SPECIERUBI.

448 602 595 640 and-2115
639 594 872 641 generantis;
901 605 986 630 nam
1009 594 1150 640 species
1173 599 1263 629 tunc
1286 598 1383 629 esset
1406 602 1550 639 corpus,
1569 596 1612 627 et
1636 590 1818 627 defluxus
1839 601 1909 625 eor·

449 648 549 668 ‘²²⁸⁶‘
638 653 854 699 poriaquod
866 651 1090 688 Aristoteles
1096 656 1209 698 negat
1218 650 1381 687 secundo
1393 651 1440 686 de
1452 650 1592 685 Anima
1604 649 1655 685 de
1666 649 1765 692 luce,
1774 654 1813 684 et
1823 649 1911 693 pn'us

635 709 872 756 improbatur.
922 710 973 745 Et
988 710 1040 746 sic
1058 709 1176 745 exiret
1197 708 1399 745 necessario
1421 708 1472 743 ab
1496 713 1647 754 agente,
1662 713 1704 743 et
1729 707 1910 742 continua-

636 773 738 803 retur
764 778 849 803 eum
878 767 958 813 ejus
985 767 1212 809 substantia3
1246 766 1312 802 sed
1338 765 1438 813 prius
1467 765 1723 812 improbatum
1754 769 1814 799 ent
1839 763 1910 799 hoc.

636 824 874 872 Quapropter
904 825 976 860 alia
1008 835 1119 861 causa
1152 824 1392 870 corruptionis
1428 823 1509 869 ejus
1542 822 1763 868 quaerenda
1796 827 1850 857 eet
1879 821 1909 856 in

635 883 804 919 absentia
827 883 1055 929 generantis3
1081 874 1118 918 et
1144 893 1218 919 non
1243 888 1300 919 eet
1320 882 1390 917 alia
1406 892 1517 927 quam
1542 880 1691 927 duplex
1717 880 1911 926 praedicta,

635 941 772 977 scilieet
788 939 957 977 debilitas
973 941 1027 976 sui
1043 952 1123 976 esse
1138 946 1177 975 et
1194 946 1325 975 natura
1341 938 1486 985 propria
1503 938 1680 984 patientis
1696 948 1801 984 quae
1815 948 1909 984 prae-

634 997 744 1034 valet.
793 997 869 1034 Sed
893 995 1080 1044 quomodo
1102 997 1139 1033 in
1164 997 1392 1038 coelestibus,
1409 997 1446 1032 in
1470 995 1605 1042 quibus
1632 994 1726 1031 nihil
1751 1001 1812 1030 est
1834 1005 1909 1030 con-

636 1056 797 1098 trarium,
817 1062 858 1091 ut
875 1054 1098 1092 Aristoteles
1118 1054 1208 1090 dicit
1226 1060 1265 1090 et
1287 1064 1415 1089 omnes
1438 1053 1612 1095 fatentur,
1638 1058 1770 1099 potest
1790 1058 1910 1088 natura

634 1113 782 1158 propria
798 1112 1007 1159 praevalere
1023 1117 1064 1149 ut
1080 1113 1291 1149 destruatur
1313 1112 1463 1158 specioe,
1478 1115 1517 1147 et
1536 1111 1705 1146 maxime
1721 1109 1910 1156 completa,

634 1169 728 1205 sicut
744 1175 800 1205 est
816 1169 883 1205 lux
899 1169 1009 1206 lunae
1027 1180 1125 1216 quae
1139 1169 1339 1205 destruitur
1355 1170 1392 1204 in
1412 1168 1563 1215 eclipsi?
1614 1167 1830 1203 Dicendum
1852 1171 1911 1208 est,

632 1227 734 1273 quod
750 1227 787 1263 in
804 1227 1024 1264 coelestibus
1041 1238 1114 1264 non
1125 1233 1183 1263 est
1193 1227 1430 1263 contrarietas
1442 1237 1539 1272 quae
1554 1224 1746 1271 est'penee
1758 1230 1912 1270 quatuor

633 1284 829 1330 qualitates
854 1284 992 1321 activas
1019 1289 1059 1320 et
1086 1284 1260 1331 passivas,
1285 1295 1382 1331 quae
1406 1289 1493 1320 sunt
1518 1282 1701 1325 caliditas,
1726 1282 1911 1329 frigiditas,

632 1341 845 1387 humiditas,
868 1342 1034 1386 siccitas;
1064 1343 1167 1379 calor
1189 1342 1288 1378 enim
1311 1347 1467 1389 negatur
1490 1341 1526 1377 in
1552 1341 1793 1377 coelestibus.
1842 1340 1910 1377 Sed

632 1387 757 1435 tame'u
773 1400 1013 1436 contrarietas
1028 1410 1123 1445 quae
1139 1404 1196 1435 est
1212 1400 1306 1435 inter
1321 1410 1440 1435 rarum
1457 1404 1495 1435 et
1511 1399 1684 1441 densum,
1696 1399 1860 1435 lucidum
1875 1404 1910 1434 et

632 1457 878 1501 tenebrosum,
897 1462 935 1493 et
958 1457 1179 1503 hujusmodi,
1198 1463 1255 1493 est
1272 1457 1337 1504 ‚ibt
1388 1456 1485 1492 Nam
1510 1468 1583 1492 una
1607 1466 1697 1502 pars
1722 1455 1836 1491 lunae
1858 1461 1910 1491 est

632 1515 744 1550 rarior
771 1514 853 1558 alia,
878 1526 925 1551 eo
952 1515 1053 1561 quod
1084 1515 1226 1551 macula
1254 1514 1361 1551 lunae
1385 1514 1499 1550 habet
1527 1512 1610 1559 plus
1648 1514 1699 1549 de
1729 1514 1909 1550 densitate

631 1570 800 1608 coelestis
826 1571 1052 1608 substantiae
1078 1578 1117 1609 et
1144 1572 1229 1608 luna
1243 1577 1317 1607 'est
1346 1571 1490 1607 densior
1516 1571 1672 1618 eaeteris
1696 1572 1909 1617 corporibus

631 1629 874 1673 coelestibus3
900 1635 1013 1675 atque
1038 1623 1162 1676 po'teet
1186 1629 1342 1665 rarefieri
1367 1640 1431 1676 per
1454 1629 1735 1675 generationem
1763 1629 1856 1665 lucis
1877 1630 1909 1665 iu

631 1698 684 1729 ea,
708 1692 747 1723 et
774 1687 906 1723 iterum
936 1675 1030 1722 redit
1056 1687 1105 1723 ad
1133 1686 1342 1733 hujusmodi
1366 1686 1585 1722 densitatem
1610 1686 1824 1722 naturalem
1848 1697 1909 1734 per

631 1743 870 1790 privationem
897 1743 997 1779 lucis.

446 1813 623 1842 influenoeof
681 1801 775 1837 Item
806 1802 837 1838 si
874 1802 1017 1837 dicatur
1048 1802 1148 1847 quod
1182 1799 1280 1837 idem
1314 1801 1402 1839 facit
1429 1802 1544 1837 virtus
1575 1802 1700 1849 patris,
1728 1802 1765 1837 in
1804 1802 1908 1837 semi-

445 1855 540 1913 Ἠ
553 1858 590 1878 ⁰¹¹
632 1858 738 1894 nibus
762 1858 862 1904 quod
889 1858 975 1899 facit
998 1859 1114 1894 virtus
1138 1858 1230 1894 coeli
1256 1860 1293 1894 in
1322 1859 1473 1894 materia
1495 1857 1722 1906 putrefacta,
1749 1865 1794 1894 ut
1823 1860 1907 1895 dicit

444 1893 583 1964 hossexnf'
633 1914 825 1952 Avicenna
849 1916 1034 1963 septimos
1052 1922 1088 1952 et
1122 1916 1332 1963 philosophi
1365 1916 1549 1953 naturales
1582 1923 1622 1952 et
1657 1917 1793 1953 medici
1827 1928 1908 1953 con-

409 2014 412 2017 ⁴
443 1958 564 1995 plume-1.
626 1972 790 2015 fitentur,
807 1974 909 2020 quod
934 1975 971 2009 in
997 1974 1134 2010 semine
1152 1979 1244 2010 'sunt
1268 1974 1422 2010 virtutes
1446 1974 1568 2020 patris,
1591 1978 1629 2009 et
1654 1979 1852 2010 remanent
1874 1975 1909 2010 in

629 2031 864 2076 generatione
892 2032 1026 2078 prolis3
1059 2028 1285 2079 quapropter
1308 2037 1461 2079 possunt
1485 2031 1625 2078 species
1651 2043 1845 2068 remanere
1875 2033 1908 2068 in

629 2089 794 2125 absentia
817 2090 1022 2135 generantis
1042 2100 1115 2133 eas,
1129 2096 1167 2125 et
1191 2089 1262 2125 hoc
1286 2090 1323 2125 iu
1347 2089 1514 2125 absentia
1537 2089 1677 2135 patris;
1701 2080 1795 2136 ergo
1812 2090 1909 2125 simi·

628 2145 710 2182 liter
727 2148 859 2193 poterit
878 2158 958 2183 esse
982 2147 1018 2182 in
1037 2147 1140 2189 aliis;
1164 2147 1358 2183 dicendum
1383 2151 1452 2188 est,
1467 2145 1569 2191 quod
1595 2152 1704 2193 pater
1728 2153 1769 2183 et
1795 2154 1910 2184 mater

628 2204 702 2240 sint
719 2204 882 2251 ejusdem
901 2211 1053 2241 naturae
1069 2204 1269 2250 specificae,
1284 2210 1323 2240 et
1339 2205 1426 2240 ideo
1442 2203 1580 2251 species
1597 2209 1636 2240 et
1652 2205 1770 2241 virtus
1795 2206 1908 2252 patris

630 2267 775 2309 recepta
801 2263 837 2299 in
871 2268 987 2299 matre
1018 2268 1254 2299 conservatur
1281 2274 1347 2310 per
1371 2262 1613 2309 praesentiam
1644 2264 1786 2307 matris,
1815 2275 1909 2310 quae

628 2319 763 2355 sufficit
789 2320 825 2356 in
853 2320 935 2355 loco
961 2320 1073 2366 patris
1098 2324 1250 2366 propter
1271 2311 1501 2356 identitatem
1525 2325 1679 2356 naturae
1703 2321 1908 2367 specificae.

629 2376 671 2413 Si
698 2376 971 2423 dicatur,.quod
1000 2378 1037 2412 in
1063 2377 1188 2414 multis
1214 2378 1324 2413 rebus
1351 2383 1488 2419 manet,
1507 2384 1554 2415 ut
1586 2378 1679 2424 lapis
1707 2378 1909 2415 calefactus

629 2434 724 2470 bene
739 2435 870 2470 retinet
887 2434 1047 2470 calorem
1064 2440 1102 2471 et
1118 2434 1203 2471 calx
1216 2436 1308 2478 viva,
1320 2441 1359 2472 et
1375 2436 1490 2472 multa
1506 2436 1586 2478 alia,
1593 2435 1796 2472 dicendum
1808 2437 1908 2482 quod

629 2503 703 2527 non
723 2491 843 2527 solum
867 2499 925 2536 est
946 2493 996 2528 ibi
1016 2493 1173 2538 specioej
1188 2494 1255 2529 sed
1279 2492 1429 2529 effectus
1453 2494 1692 2541 completior:
1716 2500 1757 2530 et
1778 2501 1909 2530 natura

629 2543 731 2584 densi
750 2549 844 2584 bene
861 2550 1110 2585 conservantis
1125 2550 1285 2596 speciem
1302 2557 1529 2597 cooperatur.
1580 2550 1619 2586 Si
1642 2551 1789 2587 dioemr
1808 2552 1908 2598 quod

628 2605 716 2641 luna
744 2613 781 2642 et
808 2607 936 2642 stellae
967 2611 1055 2642 sunt
1083 2618 1237 2653 corpora
1267 2606 1423 2643 multum
1449 2608 1573 2652 dum,
1601 2608 1703 2645 sicut
1723 2609 1910 2646 Avennes

627 2664 737 2699 docet
753 2665 916 2700 secundo
933 2663 1039 2701 Coeli
1055 2669 1094 2701 et
1111 2665 1253 2707 Mundi,
1263 2670 1301 2701 et
1317 2666 1355 2701 in
1372 2665 1466 2701 libro
1481 2666 1531 2718 de
1548 2665 1768 2703 Substantia
1784 2667 1908 2712 Orbis,

599 2758 602 2760 ,
625 2726 665 2757 et
691 2721 887 2769 multiplex
912 2722 1081 2769 probatio
1109 2723 1222 2759 currit
1248 2734 1359 2774 super
1381 2723 1464 2771 hoe,
1487 2735 1584 2771 quae
1607 2735 1683 2761 non
1708 2730 1769 2761 est
1792 2726 1909 2762 modo
