2350 3580
860 339 1980 570 -

609 733 679 768 208
878 735 1051 768 OPERIS
1077 734 1286 773 MAJORIS
1313 734 1442 768 PARS
1467 733 1633 768 SEXTA.

610 821 798 869 regiminis
817 821 982 858 sanitatis
1002 822 1257 865 attendentem
1283 827 1321 858 et
1351 821 1421 858 hoe
1447 832 1518 858 non
1545 826 1586 858 ut
1608 826 1759 868 oportet
1784 819 1887 857 sum-

609 879 746 919 cienter
769 880 817 916 de
841 879 990 916 senibus
1014 884 1053 915 et
1077 879 1291 920 senioribus,
1319 876 1394 928 [ut]
1421 885 1478 916 est
1498 878 1574 924 jam
1601 879 1754 916 dictum.
1807 877 1886 915 Sed

609 937 795 985 sapientes
810 937 927 972 dediti
943 937 1223 982 experimentali
1243 937 1416 972 scientiae
1433 937 1481 972 de
1497 937 1554 972 his
1572 937 1887 983 excogitaverunt,

609 1002 684 1030 non
700 994 819 1030 solum
841 995 932 1030 moti
953 999 1103 1040 propter
1119 995 1327 1038 utilitatem,
1344 995 1409 1030 sed
1426 995 1577 1030 excitati
1603 1004 1668 1041 per
1692 995 1885 1029 brutorum

608 1050 820 1088 animalium
839 1051 1063 1092 industriam,
1081 1062 1176 1098 quae
1196 1051 1322 1088 multis
1345 1051 1464 1087 modis
1489 1051 1640 1087 obviant
1661 1050 1885 1086 festinationi

609 1109 799 1152 moriendi.
817 1114 858 1144 ut
875 1121 1008 1157 'cervus
1032 1115 1070 1145 et
1089 1109 1214 1155 aquila
1239 1114 1276 1144 et
1301 1120 1461 1154 serpens,
1477 1115 1515 1144 et
1541 1109 1658 1144 muita
1682 1108 1756 1144 alia
1779 1118 1885 1143 suam

608 1167 723 1202 vitam
748 1166 1003 1212 prolongat-itia
1027 1178 1092 1212 per
1117 1167 1334 1202 industriam
1361 1165 1574 1209 naturalem,
1601 1166 1693 1201 sicut
1717 1170 1887 1201 auctores

608 1222 770 1260 scribunt
803 1230 841 1260 et
875 1223 1099 1270 experientia
1130 1223 1268 1260 docuit.¹
1327 1222 1496 1270 Quorum
1524 1222 1704 1270 exemplis
1733 1223 1885 1259 excitati

608 1281 850 1324 crediderunt,
867 1281 966 1326 quod
990 1281 1091 1316 Deus
1117 1280 1196 1328 ipse
1221 1280 1334 1315 brutiii
1359 1280 1430 1316 hoc
1454 1280 1634 1316 concessit
1658 1280 1707 1315 ad
1734 1279 1886 1315 instruc-

609 1338 748 1373 tionem
774 1336 932 1373 hominis
954 1336 1130 1374 mortalis.
1183 1338 1233 1374 Et
1262 1339 1347 1374 ideo
1370 1336 1531 1373 insidiati
1556 1342 1643 1373 sunt
1665 1335 1885 1373 animalibus

608 1395 726 1432 brutis
756 1400 797 1432 ut
821 1395 953 1432 scirent
982 1396 1077 1432 vires
1102 1395 1299 1431 herbarum
1327 1402 1365 1431 et
1393 1394 1555 1441 lapidum
1585 1401 1623 1431 et
1653 1393 1884 1431 metallorum

607 1459 646 1490 et
676 1452 826 1490 aliarum
856 1465 987 1499 rerum,
1014 1453 1148 1501 quibus
1174 1465 1241 1490 sua
1279 1464 1432 1500 corpora
1471 1452 1723 1489 rectifieabant
1763 1453 1886 1488 multis

609 1511 726 1546 modis
759 1515 934 1556 tanquam
972 1511 1210 1550 miraculosis,
1243 1511 1336 1546 sicut
1372 1522 1421 1546 ex
1464 1510 1567 1545 libris
1602 1510 1719 1550 Plinii.
1755 1510 1886 1552 Solini.

608 1566 821 1604 Avicennae
849 1569 897 1604 de
925 1568 1169 1610 Animalibus,
1194 1573 1232 1604 et
1265 1567 1376 1604 Tullii
1411 1569 1459 1604 de
1493 1567 1636 1604 Natura
1663 1567 1811 1609 Divina,
1837 1580 1885 1603 ex

608 1625 841 1672 philosophia
866 1625 1045 1673 Artemii,
1072 1632 1110 1662 et
1137 1625 1236 1662 libris
1261 1625 1341 1662 aliis
1367 1631 1403 1662 et
1429 1625 1636 1662 auctoribus
1661 1625 1780 1669 variis,
1806 1636 1884 1662 cer·

608 1683 748 1718 tissime
768 1683 961 1728 colligitur,
978 1688 1014 1718 et
1032 1684 1175 1729 experti
1196 1688 1281 1718 eunt
1301 1683 1417 1718 multi.
1470 1683 1567 1718 Nam
1590 1682 1749 1718 Parisius
1768 1694 1885 1730 nuper

608 1739 677 1776 suit
692 1751 788 1776 unus
803 1741 959 1787 sapiens,
977 1742 1039 1787 qui
1063 1746 1250 1787 serpentes
1272 1741 1450 1786 quaesivit
1474 1746 1512 1776 et
1538 1750 1649 1775 unum
1676 1741 1823 1786 accepit
1848 1746 1885 1776 et

607 1797 716 1834 scidit
732 1808 817 1834 eum
835 1798 870 1833 in
889 1809 1001 1845 parva
1018 1797 1142 1841 frusta,
1159 1798 1228 1834 nisi
1245 1797 1345 1844 quod
1364 1797 1467 1845 pellis
1484 1798 1630 1840 ventris,-
1645 1808 1756 1844 super
1772 1808 1883 1844 quam

608 1854 779 1901 repere-fl,
790 1856 961 1891 remansit
980 1856 1130 1900 integra,
1143 1860 1181 1891 et
1199 1856 1265 1891 iste
1283 1866 1432 1900 serpens
1449 1856 1601 1901 repebat
1618 1860 1658 1890 ut
1678 1860 1825 1900 poterat
1836 1856 1884 1892 ad

608 1912 759 1948 herbam
783 1914 983 1958 quandam,
999 1913 1103 1958 cujus
1128 1918 1228 1948 tactu
1254 1913 1379 1948 statim
1405 1913 1610 1948 sanabatur.
1663 1913 1714 1948 Et
1738 1914 1884 1959 experi-

608 1974 792 2006 mentator
818 1969 966 2017 collegit
997 1969 1145 2006 herbam
1176 1970 1416 2006 admirandae
1443 1969 1649 2006 viriditatis.
1711 1970 1764 2006 Et
1797 1970 1884 2016 quia

606 2031 728 2073 potest
766 2027 926 2062 humana
965 2028 1057 2064 ratio
1090 2038 1201 2074 supra
1234 2038 1381 2063 omnem
1415 2028 1645 2074 prudentiam
1681 2027 1884 2070 bestialem,

606 2084 688 2120 ideo
714 2085 766 2120 sic
790 2085 942 2120 excitati
968 2096 1032 2131 per
1057 2085 1232 2130 exempla
1261 2085 1452 2120 brutorum
1476 2086 1781 2131 excogitaverunt
1807 2086 1884 2121 vias

606 2141 776 2177 meliores
801 2147 837 2177 et
864 2142 1032 2187 majores.

418 2201 480 2245 The
655 2198 706 2234 Et
722 2199 915 2246 praecipue
932 2199 1021 2236 haec
1039 2199 1216 2246 sapientia
1234 2200 1372 2235 mundo
1394 2210 1564 2239 concessa
1581 2205 1636 2235 est
1654 2210 1720 2246 per
1735 2200 1883 2246 primos,

418 2242 544 2302 {225⁰ssss
605 2256 742 2292 scilicet
766 2269 830 2302 per
848 2257 972 2293 Adam
999 2263 1036 2292 et
1061 2257 1154 2292 filios
1179 2257 1268 2302 ejus,
1292 2257 1353 2302 qui
1378 2264 1592 2305 receperunt
1620 2257 1667 2292 ab
1691 2257 1774 2302 ipso
1799 2258 1882 2293 Deo

420 2310 505 2339 ⁰⁸&-
606 2314 799 2360 spccialem
832 2315 1074 2361 cognitionem
1110 2315 1143 2350 in
1173 2315 1244 2351 hac
1276 2321 1394 2360 parte,
1421 2321 1598 2360 quatenus
1627 2315 1743 2351 vitam
1776 2327 1880 2352 suam

606 2372 748 2418 longius
775 2374 1043 2418 protenderent.
1096 2372 1154 2408 Sic
1181 2372 1379 2408 videndum
1407 2379 1463 2408 est
1494 2383 1558 2418 per
1578 2372 1817 2409 Aristotelem
1844 2374 1880 2409 in

606 2430 697 2465 libro
726 2430 970 2473 Secretorum‚
993 2430 1054 2464 ubi
1081 2430 1168 2467 dicit
1194 2431 1294 2476 quod
1324 2430 1427 2465 Deus
1452 2429 1621 2465 excelsus
1636 2436 1675 2467 et
1701 2430 1883 2476 gloriosus

606 2489 783 2523 ordinavit
814 2489 963 2522 modum
996 2493 1032 2524 et
1062 2488 1263 2523 remedium
1294 2489 1341 2524 ad
1376 2488 1656 2533 temperantiam
1687 2488 1879 2524 humorum

605 2550 641 2580 et
670 2544 981 2580 conservationem
1012 2544 1188 2586 sanitatis,
1215 2551 1253 2581 et
1283 2547 1330 2580 ad
1361 2544 1465 2591 plura
1494 2544 1720 2592 adquirenda
1745 2544 1880 2582 scilieet

604 2602 650 2638 ad
675 2602 899 2638 obviandum
921 2602 1152 2649 passionibus
1174 2603 1374 2638 senectutis
1396 2609 1432 2638 et
1454 2602 1501 2638 ad
1526 2602 1786 2639 retardandum
1809 2615 1880 2646 eae.

604 2665 641 2694 et
659 2660 900 2706 mitigandum
919 2660 1152 2705 hujusmodi3
1175 2666 1214 2695 et
1231 2660 1403 2696 revelavit
1421 2671 1464 2695 ea
1483 2660 1618 2695 sanctis
1636 2665 1673 2695 et
1690 2661 1880 2706 prophetis

604 2717 687 2758 suis,
711 2723 747 2752 et
775 2718 992 2762 quibusdam
1019 2717 1108 2759 aliis,
1132 2718 1223 2754 sicut
1252 2718 1478 2764 patriarchis,
1498 2730 1592 2763 quos
1618 2717 1817 2764 praeelegit
1843 2725 1879 2754 et

606 2774 795 2810 illustravit
812 2775 941 2821 spiritu
959 2775 1105 2811 divinae
1125 2775 1336 2822 sapientiae,
1355 2775 1419 2811 ἃς.
1471 2775 1521 2810 Et
1539 2775 1634 2811 infra
1649 2774 1760 2811 dicit²
1778 2776 1879 2822 qnod

604 2838 658 2867 est
697 2832 886 2873 medicina„
919 2844 1012 2879 quae
1045 2839 1196 2868 vocatur
1230 2832 1345 2878 gloria
1381 2833 1575 2867 ineffabilis
1612 2838 1648 2868 et
1687 2833 1880 2868 thesaurus

602 2888 917 2935 philosophorum,
941 2902 1034 2936 quae
1061 2895 1181 2926 totum
1219 2901 1350 2936 corpus
1385 2889 1585 2925 humanum
1621 2891 1798 2926 rectificat
1832 2892 1878 2926 ad

748 2966 755 2981 ¹
775 2965 802 2998 J.
819 2966 901 3000 repit.
1447 2965 1458 2981 ''
1478 2965 1505 2998 J.
1520 2965 1570 2993 hae
1585 2965 1695 2993 infudit.
