2350 3580
781 710 1003 745 sclENTIA
1030 709 1465 745 EXPERmitNTAJ-Js.
1684 717 1748 753 193

470 800 622 848 quando
646 800 738 838 radii
759 806 953 848 penetrant
977 811 1050 842 ees,
1070 800 1125 837 nic
1149 805 1275 847 potest
1298 799 1356 836 hic
1381 799 1428 836 de
1453 799 1549 836 facili
1571 798 1636 835 lux
1661 798 1748 836 solis

470 859 608 895 cadens
637 858 686 895 ad
714 858 924 906 hujusmodi
952 857 1101 904 specuia
1130 858 1326 894 ostendere
1354 857 1443 904 quid
1473 855 1592 892 simile
1623 857 1749 900 colori,

470 916 666 964 praecipue
680 927 766 953 curn
782 928 857 952 non
875 916 921 952 sit
939 917 1006 953 nisi
1022 917 1101 952 sola
1117 915 1343 963 apparentia.
1363 919 1404 951 ut
1419 915 1557 951 dictum
1574 919 1642 951 est.

945 1063 1195 1100 Cum-utum
1229 1062 1276 1099 X.

521 1149 619 1186 cum
648 1150 705 1185 hin
737 1149 1046 1186 considerandum
1072 1154 1129 1185 est
1157 1150 1205 1186 de
1230 1149 1442 1186 diversitate
1470 1149 1647 1186 colorum.
1696 1149 1898 1188 lita-min

472 1218 603 1243 omnes
630 1207 757 1243 dicunt
786 1207 886 1254 quod
916 1207 1046 1242 accidit
1076 1219 1124 1242 ex
1154 1206 1365 1242 diversitate
1398 1206 1504 1242 nubis
1534 1207 1686 1250 roridae,
1711 1212 1748 1243 et
1763 1193 1920 1260 ssfg'ffi:

470 1263 541 1300 hoc
568 1263 724 1300 habetur
747 1263 783 1300 in
809 1269 917 1300 textu
941 1262 1150 1300 Aristotelis
1167 1263 1331 1310 vulgato,
1346 1264 1445 1300 unde
1471 1263 1596 1300 dicunt
1621 1274 1749 1300 seeun-
1763 1268 1861 1296 ducto

472 1321 562 1357 dum
599 1322 700 1368 quod
738 1321 892 1357 materia
932 1321 1083 1368 spissior
1118 1327 1188 1365 est,
1219 1321 1363 1356 videtur
1396 1332 1477 1355 esse
1514 1320 1648 1368 nigrior
1662 1333 1671 1364 ;,
1712 1326 1749 1356 et
1763 1304 1920 1368 ξῗέἑῗζῖῒ

470 1380 672 1414 secundum
701 1380 802 1425 quod
833 1379 952 1414 minus
981 1379 1106 1424 spissa,
1129 1379 1276 1414 videtur
1305 1389 1386 1414 esse
1414 1378 1514 1413 color
1542 1376 1672 1422 lazuli3
1712 1383 1749 1414 et
1765 1376 1934 1405 mssflffl·

470 1436 671 1472 secundum
688 1436 788 1483 quod
807 1435 926 1471 minus
941 1435 1068 1482 spissa,
1083 1435 1230 1472 videtur
1245 1435 1371 1471 viridis
1391 1446 1492 1476 esse;
1517 1440 1555 1472 et
1572 1435 1602 1471 si
1619 1435 1749 1476 minus,

470 1493 617 1531 videtur
651 1494 790 1535 vinosa,
822 1499 859 1529 et
899 1494 1038 1536 rubea;
1079 1494 1281 1530 secundum
1320 1493 1420 1538 quod
1457 1493 1578 1528 adhuc
1620 1493 1749 1536 minus,

470 1551 617 1587 videtur
641 1563 723 1588 esse
747 1551 878 1598 glauca
903 1556 941 1587 et
968 1551 1172 1592 subrubea;
1205 1556 1243 1586 et
1269 1551 1470 1586 secundum
1498 1551 1598 1597 quod
1625 1551 1749 1594 rarior,

473 1610 617 1646 videtur
633 1621 712 1645 esse
728 1609 825 1645 alba.
875 1609 1087 1645 Secundum
1112 1608 1214 1654 quod
1239 1609 1387 1655 ponitur
1414 1608 1628 1655 exemplum
1646 1608 1750 1645 Aris·

472 1665 596 1703 totelis
624 1667 671 1703 de
699 1666 859 1708 flamma,
886 1677 982 1713 quae
1011 1672 1163 1713 propter
1193 1666 1381 1703 raritatem,
1413 1671 1449 1702 et
1478 1666 1749 1713 spissitudinem

474 1723 565 1759 sumi
581 1725 759 1761 terrestris
781 1729 934 1770 apparet
959 1723 1054 1759 clara
1078 1728 1114 1759 et
1138 1724 1252 1761 rubea
1274 1728 1311 1760 et
1332 1724 1445 1770 nigra,
1462 1729 1501 1761 et
1523 1724 1576 1759 sic
1598 1716 1751 1759 diversis

473 1782 604 1817 modis.
660 1782 735 1817 Sed
769 1783 866 1818 istud
902 1781 990 1817 nihil
1023 1787 1088 1826 αἱ,
1120 1782 1217 1817 sicut
1251 1786 1355 1828 patet
1386 1793 1453 1827 per
1485 1781 1750 1827 experientiam

473 1838 604 1886 lapidis
628 1838 841 1885 crystallini.
891 1838 991 1875 Nam
1014 1838 1065 1875 ibi
1088 1845 1310 1885 generantur
1332 1838 1483 1883 colores,
1507 1844 1547 1875 et
1571 1838 1671 1875 nulla
1695 1843 1751 1874 est

473 1897 667 1933 diversitas
697 1897 871 1932 materiae
897 1896 933 1932 in
961 1896 1196 1943 spissitudine
1225 1902 1263 1931 et
1291 1897 1450 1939 raritate,
1472 1902 1510 1932 et
1538 1901 1663 1932 tamen
1692 1896 1752 1931 hie

472 1954 548 1990 veri
566 1954 705 1990 colores
721 1959 950 2000 generantur.
989 1953 1040 1989 Et
1057 1954 1201 1997 iterum,
1216 1965 1302 1988 cum
1321 1965 1394 1989 non
1412 1954 1458 1989 sit
1475 1966 1581 1990 verus
1598 1954 1698 1990 color
1715 1954 1752 1989 in

473 2013 575 2057 iride,
598 2012 663 2048 sed
688 2011 912 2059 apparentia,
933 2023 1009 2047 non
1034 2016 1181 2057 oportet
1208 2023 1343 2058 ponere
1369 2011 1435 2047 nisi
1462 2023 1609 2048 causam
1635 2023 1751 2058 appa-

474 2069 620 2113 rentiae,
641 2069 700 2106 vel
727 2069 979 2117 apparentiam
1008 2079 1150 2105 causae.
1201 2069 1297 2105 Item
1324 2076 1391 2116 pe'r
1416 2069 1684 2116 experientiam
1715 2069 1751 2105 in

474 2119 721 2165 rorationibus
742 2138 791 2162 ex
811 2126 1021 2172 aspersione
1043 2138 1115 2161 nou
1140 2126 1273 2161 accidit
1294 2126 1430 2172 aliquid
1454 2127 1501 2161 de
1526 2127 1581 2162 his
1605 2127 1752 2162 diversi-

475 2185 622 2226 tatibus,
643 2196 710 2220 nec
735 2185 771 2220 in
796 2185 912 2230 guttis
937 2185 1027 2219 roris
1052 2185 1089 2219 in
1114 2185 1388 2220 summitatibus
1416 2185 1635 2226 herbarum3
1664 2196 1752 2230 ergo

475 2241 709 2278 manifestum
737 2247 806 2285 est,
828 2242 930 2288 quod
957 2241 1048 2277 haec
1077 2251 1190 2277 causa
1217 2241 1436 2278 diversitatis
1466 2241 1555 2277 salsa
1581 2247 1650 2277 est.
1702 2241 1751 2276 Et

476 2310 554 2336 non
575 2307 630 2336 est
652 2305 781 2335 contra
798 2298 1050 2342 Aristotelem,
1065 2299 1152 2345 quia
1175 2299 1292 2334 multa
1316 2299 1386 2333 aiia
1409 2298 1498 2334 falsa
1521 2300 1754 2334 eontinentur

475 2358 514 2393 in
540 2357 700 2403 capitulo
725 2357 772 2392 de
798 2357 899 2392 iride.
917 2362 954 2392 et
979 2356 1065 2391 alibi
1092 2358 1129 2391 in
1154 2357 1455 2392 translationibus
1478 2357 1645 2403 vulgatis,
1663 2356 1754 2392 sicut

476 2415 711 2450 manifestum
741 2420 798 2450 est
826 2424 891 2460 per
917 2420 1034 2450 totam
1062 2413 1334 2460 philosophiam
1363 2414 1591 2456 Latinorum,
1615 2414 1646 2450 si
1672 2413 1754 2460 quis

475 2473 639 2509 diversas
670 2471 930 2508 translationes
968 2472 1125 2517 inquirat
1163 2476 1202 2507 et
1241 2471 1421 2507 Graccum
1460 2472 1587 2518 ipsum,
1621 2482 1643 2507 a
1681 2482 1754 2516 quo

475 2535 748 2576 transumptum
792 2535 849 2566 est
888 2530 989 2575 quod
1030 2529 1169 2564 habent
1205 2529 1342 2564 Latini.
1401 2529 1541 2564 verum
1583 2540 1657 2564 non
1698 2535 1755 2564 est

475 2589 659 2623 sententia
695 2586 908 2622 Aristotelis
948 2586 1084 2633 ubique
1124 2586 1312 2629 translata,
1346 2586 1411 2621 sed
1451 2598 1549 2621 error
1586 2585 1652 2621 suit
1688 2597 1756 2621 ex-

477 2643 722 2692 emplarium¹
758 2644 979 2680 Graecorum
1019 2650 1058 2680 et
1091 2642 1347 2688 Arabicarum,
1381 2643 1437 2679 vel
1475 2643 1595 2690 potius
1627 2643 1755 2679 vitium

476 2702 749 2745 translatorum,
790 2713 945 2749 quorum
983 2701 1103 2737 nuilus
1145 2700 1308 2746 perfecte
1351 2701 1457 2737 scivit
1504 2701 1646 2746 linguas
1691 2712 1757 2736 nec

477 2760 659 2803 scientias,
684 2765 723 2795 ut
749 2764 977 2805 praetactum
1003 2764 1070 2795 est.

526 2817 688 2854 Necesse
709 2824 835 2853 autem
860 2823 917 2853 est
937 2816 1034 2853 aliud
1061 2816 1289 2853 mendacium
1316 2816 1414 2863 quod
1441 2816 1475 2851 in
1501 2815 1570 2853 hoc
1594 2814 1756 2863 capitulo

515 2900 524 2915 ¹
542 2900 570 2934 J.
582 2900 637 2927 lina
653 2900 852 2935 interpretum.
890 2899 933 2927 Cf.
950 2899 1027 2926 what
1049 2900 1072 2926 is
1092 2899 1152 2926 said
1172 2907 1210 2926 on
1225 2899 1387 2926 Aristoth's
1402 2900 1506 2933 theory
1521 2899 1555 2925 of
1570 2899 1618 2925 the
1634 2899 1760 2926 rainbow

477 2944 508 2973 in
521 2943 579 2972 vol.
593 2944 611 2972 i.
626 2952 671 2979 pp.
686 2953 723 2977 4ο
735 2943 792 2971 and
805 2951 920 2976 ano-¹3.

526 2995 617 3024 voL.
636 2995 679 3024 11.
