2350 3580
581 726 649 761 342
816 717 990 751 OPERIS
1013 716 1225 756 MAJORJS
1251 716 1382 749 PARS
1404 714 1624 749 semna.

583 808 798 843 societatem
821 806 908 842 facit
928 832 935 842 .
954 831 965 842 .
983 834 992 842 .
1008 807 1208 855 fragilitate
1230 806 1376 842 alterius
1394 806 1478 841 boni
1496 795 1672 851 q‘uiequid
1689 804 1726 839 in
1743 804 1860 839 altem

583 865 717 910 vigoris
735 869 792 900 est
806 857 970 911 hebetat,
987 864 1192 900 libertatem
1211 863 1310 899 illam
1325 863 1339 884 ²
1356 875 1430 909 qua
1447 862 1535 898 nihil
1550 861 1745 909 pretiosius
1757 861 1862 897 novit

586 921 759 957 invictam
783 921 853 957 sub
876 920 1007 967 jugum
1026 921 1150 957 mittit.
1203 921 1301 956 Nam
1320 931 1414 966 quae
1433 920 1598 956 maxima
1621 919 1775 955 sentitus
1794 923 1863 961 ent,

586 979 712 1024 incipit
738 979 770 1014 ei
796 989 890 1025 opus
914 990 994 1014 esse
1019 979 1163 1014 fortuna
1183 1004 1191 1012 .
1212 1003 1220 1012 .
1241 1004 1249 1013 .
1267 978 1354 1012 Non
1381 988 1470 1023 ergo
1493 977 1561 1012 das
1585 977 1711 1012 virtuti
1732 977 1864 1011 funda-

587 1042 752 1072 mentum
768 1048 881 1082 grave
902 1033 972 1085 [et]
992 1037 1184 1084 immobile
1208 1037 1273 1072 sed
1296 1035 1403 1082 jubes
1426 1034 1525 1070 illam
1550 1036 1585 1070 in
1609 1034 1693 1070 loco
1709 1033 1863 1070 volubili

586 1099 695 1130 mre.
732 1093 848 1140 ‘Quid
862 1096 966 1130 enim
983 1099 1061 1130 tam
1079 1093 1241 1129 volubile
1257 1105 1367 1140 quam
1387 1093 1618 1129 fortuitorum
1638 1092 1865 1140 expectatio.

588 1158 626 1188 et
659 1161 853 1198 corporum
881 1162 1074 1198 rerumque
1099 1161 1233 1198 corpus
1259 1151 1492 1186 afficientium
1525 1151 1709 1186 varietas?
1758 1149 1863 1196 Quo-

590 1209 703 1244 modo
719 1213 843 1254 potest
861 1208 919 1244 hic
938 1208 1019 1244 Deo
1041 1219 1170 1254 parere
1190 1213 1228 1244 et
1248 1208 1421 1254 quiequid
1443 1208 1563 1243 evenit
1583 1208 1681 1242 bono
1705 1203 1863 1257 [animo]

589 1267 757 1312 excipere
776 1292 783 1300 .
803 1292 812 1301 .
830 1292 837 1301 .
857 1276 1006 1302 casuum
1032 1276 1181 1302 suorum
1207 1266 1387 1311 benignus
1409 1265 1598 1312 interpres,
1614 1265 1645 1300 si
1669 1265 1718 1300 ad
1735 1264 1866 1310 volup-

590 1330 710 1360 tatum
728 1323 970 1370 dolorumque
988 1323 1268 1370 punctiunculas
1281 1323 1516 1359 concutitur?
1567 1322 1641 1359 Sed
1663 1333 1707 1357 ne
1726 1323 1867 1368 patriae

590 1382 741 1427 quidem
759 1381 877 1416 bonus
895 1387 994 1416 tutor
1010 1392 1054 1416 ac
1070 1382 1210 1416 vindex
1228 1386 1292 1423 est,
1308 1391 1374 1430 nec
1387 1381 1592 1416 amicorum
1607 1386 1867 1432 propugnator,

590 1440 619 1475 si
639 1439 686 1474 ad
704 1439 912 1485 voluptates
929 1440 1059 1485 vergit.
1110 1439 1180 1473 Illo
1203 1450 1292 1484 ergo
1316 1449 1501 1473 summum
1523 1440 1663 1474 bonum
1681 1439 1868 1480 ascendat,

594 1496 690 1532 unde
707 1495 806 1531 nulla
823 1496 857 1531 vi
876 1496 1079 1532 detrahitur
1099 1507 1174 1542 quo
1191 1507 1310 1542 neque
1325 1495 1445 1531 dolori
1464 1506 1583 1542 neque
1604 1495 1727 1530 timori
1748 1505 1869 1541 neque

594 1554 672 1601 spei
686 1554 735 1588 sit
746 1553 878 1596 aditus,
890 1565 959 1588 ner.
974 1552 1039 1588 ulli
1058 1554 1110 1590 rei
1128 1565 1225 1598 quae
1245 1554 1405 1589 deterius
1423 1554 1556 1590 summi
1574 1553 1658 1589 boni
1674 1553 1734 1598 jus
1747 1553 1868 1588 saciat.

595 1611 808 1646 Ascendere
832 1615 957 1646 autem
982 1612 1045 1646 illo
1070 1611 1150 1646 sola
1172 1612 1290 1646 virtue
1315 1616 1461 1656 potest;
1487 1611 1585 1646 illius
1609 1612 1726 1657 gradu
1755 1611 1871 1646 clivus

595 1669 664 1705 iste
687 1668 909 1715 frangendus
931 1675 998 1704 est.
1045 1668 1119 1704 ‘Illa
1139 1668 1281 1704 fortiter
1305 1668 1421 1704 stabit
1443 1675 1481 1704 et
1503 1669 1676 1714 quicquid
1707 1669 1871 1704 evenerit

597 1727 697 1767 feret.
715 1737 786 1762 non
812 1726 954 1772 patiens
979 1733 1121 1762 tantum
1143 1727 1209 1762 sed
1234 1727 1345 1762 etiam
1367 1726 1505 1768 volens,
1523 1727 1760 1772 omniumque
1777 1733 1871 1762 tem-

598 1795 728 1830 porum
747 1783 1001 1818 difficultatem
1026 1784 1117 1819 sciat
1141 1795 1223 1824 ease
1248 1784 1365 1829 legem
1394 1791 1556 1818 naturae.
1608 1778 1658 1818 Et
1686 1789 1726 1818 ut·
1754 1784 1871 1819 bonus

599 1840 721 1876 miles.
737 1839 806 1876 fert
839 1840 1006 1892 vulnera,—
1026 1843 1258 1876 enumerabit
1285 1843 1472 1877 cicatn'ces
1498 1848 1534 1877 et
1559 1843 1874 1877 transverberatus

599 1898 681 1934 telis
699 1899 857 1934 moriens
870 1899 1010 1934 amabit
1028 1910 1112 1934 eum
1131 1911 1200 1945 pro
1219 1911 1294 1945 quo
1308 1899 1407 1934 cadit
1425 1899 1694 1945 imperatorem.
1749 1899 1874 1934 Habe·

599 1956 679 1992 hit²
697 1955 783 1990 illud
803 1956 839 1990 in
859 1957 983 1991 animo
1000 1963 1104 1991 vetus
1123 1963 1350 2004 preceptum,
1363 1957 1483 1991 Deum
1503 1968 1665 2003 sequere.
1698 1956 1876 2004 Quisquis

600 2020 726 2050 autem
744 2014 908 2058 queritur
923 2020 961 2049 et
979 2014 1099 2059 plorat
1112 2019 1149 2049 et
1161 2004 1288 2060 gemit¹⁴
1301 2015 1478 2060 imperata
1492 2014 1609 2050 facere
1623 2015 1658 2049 vi
1672 2015 1825 2060 cogitur,
1838 2021 1876 2050 et

601 2072 736 2107 invitus
752 2071 891 2117 rapitur
908 2072 954 2106 ad
970 2071 1070 2117 jussa
1097 2071 1212 2107 nihilo
1234 2072 1363 2107 minus.
1416 2071 1521 2117 Quae
1543 2078 1665 2108 autem
1692 2074 1876 2108 dementia

602 2135 657 2166 est
682 2128 806 2175 potius
828 2128 921 2162 trahi
946 2139 1057 2174 quam
1083 2129 1208 2175 sequi!
1234 2137 1312 2165 tam
1341 2129 1794 2175 ignorantia'cunditionis
1820 2136 1878 2166 est

601 2197 689 2222 suae
715 2196 826 2231 quam
850 2185 1008 2221 stultitia
1032 2187 1157 2222 dolere
1176 2213 1185 2222 .
1205 2212 1212 2220 .
1232 2213 1241 2221 .
1259 2187 1430 2222 admirari
1456 2193 1493 2222 et
1527 2188 1674 2233 indigne
1703 2188 1800 2222 'serre
1819 2199 1877 2222 ea

601 2255 695 2291 quae
712 2249 790 2279 tam
808 2244 912 2278 bonis
932 2245 1103 2279 accidunt
1121 2255 1234 2290 quam
1253 2245 1370 2279 malis.
1416 2243 1621 2292 [Quicquid
1647 2257 1695 2280 ex
1723 2247 1879 2280 universi

604 2300 866 2338 constitutione
886 2301 1101 2347 patiendum
1125 2307 1192 2343 est,
1212 2313 1350 2349 magno
1374 2302 1607 2349 suscipiatur]
1629 2305 1763 2338 animo.
1813 2304 1878 2339 Ad

604 2360 675 2395 hoc
692 2363 962 2394 sacramentum
979 2360 1101 2394 adacti
1128 2370 1254 2395 sumus
1274 2360 1367 2396 ferre
1392 2359 1561 2395 mortalia
1585 2371 1651 2395 nee
1674 2361 1880 2407 perturbari

606 2418 650 2452 iis
684 2427 779 2462 quae
812 2416 930 2452 vitare
963 2428 1037 2452 non
1070 2422 1125 2452 est
1159 2423 1303 2453 nostrae
1337 2419 1534 2464 potestatis
1554 2443 1563 2452 .
1587 2443 1596 2452 .
1618 2445 1627 2453 .
1654 2418 1736 2453 Deo
1753 2430 1881 2464 parere

606 2474 757 2510 libertas
775 2480 841 2509 est.

422 2550 465 2576 De
479 2549 544 2576 vit,
641 2519 664 2549 '‘
678 2531 779 2578 Ergo
792 2531 828 2565 in
843 2531 979 2567 virtute
992 2532 1112 2578 posita
1130 2538 1188 2568 est
1208 2529 1327 2581 [vera]
1341 2531 1505 2568 felicitas.
1550 2532 1650 2579 Quid
1664 2533 1754 2569 haec
1767 2534 1883 2569 virtus

422 2585 541 2658 {gg-6.
608 2590 675 2626 tibi
692 2589 890 2624 suadebit?
914 2600 960 2624 ne
977 2590 1065 2635 quid
1085 2596 1149 2624 aut
1168 2590 1305 2624 bonum
1325 2597 1389 2625 aut
1414 2591 1550 2625 malum
1572 2591 1765 2625 existimes
1780 2593 1883 2638 quod

610 2659 675 2683 nec
692 2646 826 2682 virtute
843 2657 908 2681 nec
928 2646 1068 2682 malitia
1085 2648 1285 2694 continget.
1339 2646 1485 2689 Deinde
1503 2654 1543 2683 ut
1559 2649 1609 2683 sis
1627 2649 1827 2684 immobilis
1845 2655 1884 2685 et

609 2711 737 2741 contra
757 2704 892 2739 malum
914 2715 963 2740 ex
984 2705 1092 2750 bono,
1112 2712 1152 2741 ut
1172 2716 1245 2752 qua
1268 2705 1321 2741 sas
1343 2713 1399 2742 est
1423 2706 1543 2742 Deum
1570 2706 1731 2753 effingas.
1781 2706 1883 2753 Quid

610 2764 677 2800 tibi
697 2775 764 2809 pro¹
781 2762 849 2797 hac
866 2764 1105 2809 expeditione
1123 2765 1333 2810 promittit?
1359 2764 1521 2810 ingentia
1538 2770 1574 2800 et
1592 2775 1709 2811 aequa
1727 2766 1885 2809 divinis3

613 2821 704 2857 nihil
721 2821 872 2866 cogeriS,
889 2820 990 2856 nullo
1008 2821 1203 2868 indigebis,
1219 2822 1310 2857 liber
1325 2823 1407 2865 ετὲε,
1421 2829 1532 2865 tutus,
1547 2823 1738 2857 indemnis.
1780 2824 1885 2860 Nihil

650 2907 657 2923 ⁵
678 2906 790 2934 Senem
799 2905 860 2939 hu,
869 2907 876 2919 ¹
883 2905 1042 2934 libertatem
1054 2906 1130 2934 illem
1139 2907 1176 2934 iu
1188 2907 1310 2942 demum,
1321 2908 1345 2935 si
1356 2907 1425 2935 nihil
1436 2916 1467 2935 se
1476 2907 1627 2942 pretiosius
1637 2908 1723 2942 novit,
1736 2887 1887 2936 inuictam)

650 2956 659 2966 ³
678 2949 797 2977 habebnt
810 2951 963 2984 aliquando
990 2951 1023 2977 D.
1037 2954 1066 2978 et
1080 2951 1116 2978 O.
