2350 3580
606 741 669 784 196
867 740 1040 775 OPERIS
1065 739 1276 779 MAJoRIS
1302 739 1430 775 PARS
1455 739 1621 774 SEXTA.

599 830 649 867 ab
671 831 907 867 extremitate
931 841 1003 866 nna
1022 830 1071 867 ad
1094 830 1260 875 alteram,
1283 836 1432 878 oportet
1456 831 1556 878 quod
1582 829 1738 867 eundem
1763 828 1880 866 situm

599 888 761 924 habeant
781 900 909 924 ornnes
928 895 1050 935 partes
1070 895 1238 936 respectu
1259 889 1347 924 radii
1367 889 1494 924 solaris
1515 892 1554 924 et
1577 892 1744 936 respectu
1765 885 1879 922 oculi.

601 946 678 982 Sed
708 945 791 982 talis
823 946 914 981 situs
943 946 1143 982 identitatis
1178 958 1252 982 non
1287 951 1409 992 potest
1438 957 1516 982 esse
1550 946 1620 981 nisi
1646 946 1683 981 in
1709 943 1879 981 circulari

599 1002 715 1051 figura
746 1008 899 1051 propter
928 1003 1119 1050 aequalem
1148 1004 1310 1050 partium
1339 1003 1629 1040 declinationem.
1681 1002 1732 1038 Et
1758 1001 1877 1038 etiam

597 1061 633 1097 in
657 1072 795 1108 vapore
817 1061 1006 1108 sphaerico
1032 1067 1185 1107 possunt
1212 1061 1345 1107 signari
1379 1061 1453 1097 duo
1481 1072 1615 1108 genera
1643 1059 1877 1097 circulorum.

600 1118 728 1154 Unum
746 1124 801 1154 est
818 1119 995 1154 transiens
1012 1129 1079 1164 per
1094 1118 1212 1164 polos,
1229 1124 1269 1154 ut
1285 1124 1370 1154 sunt
1387 1119 1498 1154 coluri
1518 1119 1552 1153 in
1572 1118 1725 1164 sphaera
1740 1129 1749 1161 ;
1773 1115 1876 1152 aliud

598 1181 655 1212 est
679 1175 828 1222 aliquod
855 1176 903 1211 de
926 1176 1256 1222 aequidistantibus
1282 1176 1585 1212 intersecantibus
1609 1174 1700 1211 Istos
1728 1173 1878 1210 coluros

598 1245 649 1269 ex
670 1239 886 1269 transverso.
938 1232 1132 1269 circulatio
1159 1245 1245 1268 vero
1269 1234 1382 1269 coluri
1403 1233 1641 1270 absconditur
1661 1243 1808 1277 semper
1825 1243 1876 1267 ex

598 1291 786 1332 distantia,
815 1291 899 1336 quia
932 1302 1003 1327 non
1040 1291 1152 1326 habet
1188 1292 1345 1328 eundem
1374 1292 1484 1328 situm
1514 1295 1681 1336 respectu
1709 1289 1806 1326 oculi
1835 1289 1876 1325 in

598 1348 892 1384 extremitatibus
914 1354 952 1384 et
973 1349 1010 1383 in
1030 1349 1163 1391 medio,
1181 1349 1245 1384 sed
1265 1349 1554 1394 aequidistantes
1576 1349 1669 1383 bene
1690 1353 1876 1393 apparent

599 1406 635 1441 in
657 1416 724 1442 sua
744 1406 988 1449 circulatione,
1005 1413 1153 1452 propter
1174 1405 1365 1452 aequalem
1387 1406 1500 1442 situm
1518 1411 1683 1452 respectu
1707 1403 1815 1445 oculi.
1833 1410 1876 1440 ut

599 1463 738 1500 dictum
757 1470 812 1500 est
835 1463 870 1499 in
894 1463 1121 1510 Perspectiva
1139 1463 1185 1500 de
1208 1463 1301 1500 luna.
1345 1463 1441 1500 Cum
1465 1463 1576 1510 igitur
1594 1461 1749 1499 circulus
1773 1461 1876 1498 iridis

599 1521 639 1556 fit
657 1522 702 1556 de
719 1521 1064 1567 aequidistantibus,
1081 1521 1217 1566 poterit
1236 1522 1272 1556 in
1288 1532 1354 1557 sua
1372 1521 1607 1556 circulatione
1623 1531 1813 1567 apparere.

413 1584 486 1618 why
499 1584 546 1611 uie
647 1577 721 1614 Sed
744 1580 772 1614 si
792 1577 986 1624 objiciatur
1001 1585 1132 1614 contra
1148 1577 1232 1623 hoc,
1252 1578 1352 1625 quod
1370 1590 1443 1614 non
1458 1577 1576 1615 solum
1596 1577 1818 1614 colos-aretur
1834 1577 1874 1613 in

410 1620 502 1684 ἓξὲξ
512 1629 583 1684 ΞΓ
597 1635 823 1683 gibbositate
847 1647 912 1671 sua
937 1647 1041 1672 arcus
1068 1636 1165 1672 basis
1192 1636 1394 1683 pyramidis
1416 1636 1481 1672 sed
1507 1635 1594 1671 alibi
1622 1636 1656 1671 in
1681 1634 1876 1681 superficie

408 1692 565 1756 &aaa
599 1705 664 1739 per
688 1701 819 1733 totum.
846 1694 938 1729 sicut
963 1694 1048 1729 luna
1074 1694 1183 1741 plena
1208 1701 1288 1729 tota
1314 1694 1538 1729 illuminatur
1563 1695 1597 1729 in
1629 1699 1733 1739 parte
1764 1693 1876 1729 nobis

543 1749 548 1756 ’
595 1751 750 1796 objecta,
768 1756 805 1787 et
830 1751 914 1787 ideo
938 1756 1019 1787 tota
1043 1751 1252 1796 superficies
1275 1752 1374 1787 basis
1396 1763 1492 1797 quae
1514 1758 1569 1787 est
1594 1763 1702 1796 super
1724 1756 1877 1795 terram,

595 1809 838 1852 coloraretur;
863 1809 910 1845 ad
928 1808 999 1844 hoc
1017 1814 1139 1856 potest
1157 1809 1227 1845 clici
1243 1809 1458 1852 differenter,
1476 1809 1575 1855 quod
1594 1808 1778 1845 stillicidia
1796 1819 1873 1845 non

596 1869 681 1899 sunt
706 1863 841 1909 ubique
859 1875 881 1899 a
906 1864 1037 1910 quibus
1062 1863 1299 1899 reflectuntur
1315 1865 1405 1899 radii
1432 1865 1478 1899 ad
1496 1864 1621 1907 oculos
1643 1865 1687 1899 ad
1716 1863 1874 1909 angulos

595 1922 767 1967 aequales
792 1921 927 1967 angulo
948 1922 1180 1957 incidentiae.
1234 1922 1319 1957 Hoc
1343 1923 1439 1957 enim
1466 1933 1542 1957 non
1563 1928 1618 1957 est
1644 1921 1709 1957 nisi
1736 1920 1774 1957 in
1797 1921 1874 1958 situ

597 1978 730 2022 circuli,
755 1979 847 2014 sicut
872 1986 1023 2025 apparet
1052 1979 1088 2014 in
1114 1978 1374 2015 reflexio-nibus
1405 1986 1441 2014 et
1472 1979 1707 2020 fractionibus
1730 1979 1874 2025 speculi

597 2036 744 2071 concavi
770 2042 808 2071 et
832 2036 1008 2079 aliorum3
1037 2042 1077 2072 et
1110 2037 1192 2071 ideo
1222 2047 1303 2072 cum
1339 2036 1592 2072 circulationes
1625 2043 1783 2082 quatuor
1812 2037 1873 2072 vel

596 2094 758 2140 quinque
783 2094 881 2130 iridis
906 2100 1061 2140 possunt
1085 2106 1165 2130 esse
1192 2095 1228 2129 in
1256 2095 1447 2130 stillicidiis
1479 2107 1503 2130 a
1530 2095 1663 2140 quibus
1693 2094 1784 2131 fiunt
1817 2106 1874 2130 re·

595 2151 775 2187 flexiones
803 2152 838 2187 'in
867 2151 981 2187 visum
1013 2153 1061 2187 ad
1090 2151 1243 2198 angulos
1272 2152 1443 2198 aequales
1472 2154 1609 2198 angulo
1638 2153 1873 2196 incidentiae,

595 2214 717 2254 potest
737 2207 837 2245 color
852 2210 1014 2256 generari
1033 2209 1068 2245 in
1085 2209 1148 2249 eis,
1165 2215 1204 2246 et
1221 2209 1412 2254 impressio
1432 2209 1530 2246 iridis
1551 2221 1736 2256 apparere.

1046 2343 1295 2380 Cam-rutum
1325 2343 1415 2379 ΧΗ.

408 2437 493 2468 'sinin¹
508 2436 555 2463 the
639 2429 770 2475 Aliqui
795 2441 881 2465 vero
906 2429 1159 2471 aestimabant,
1176 2430 1276 2475 quod
1303 2429 1419 2464 nubes
1442 2430 1562 2467 rorida
1587 2438 1684 2468 esset
1705 2431 1872 2469 colorata

406 2472 559 2536 {siliginum}
593 2498 657 2533 per
684 2493 810 2530 totum,
828 2488 914 2533 quia
941 2488 974 2522 in
997 2488 1168 2522 omnibus
1194 2487 1383 2522 stillicidiis
1407 2494 1463 2522 cst
1491 2487 1653 2530 reflexio,
1669 2495 1707 2524 et
1734 2489 1794 2524 iris
1819 2501 1871 2527 ex

404 2544 543 2573 coloured.
590 2544 790 2581 reflexione
806 2551 983 2580 causatur.
1026 2544 1119 2580 Item
1139 2544 1224 2590 quia
1241 2546 1441 2580 secundum
1458 2557 1647 2582 numerum
1666 2547 1870 2583 videntium

590 2609 628 2638 et
661 2602 911 2638 diversitatem
940 2602 1030 2638 situs
1059 2602 1225 2647 ejusdem
1254 2602 1414 2638 videntis
1445 2609 1598 2650 apparet
1629 2604 1689 2639 iris
1720 2603 1869 2651 ubique.

593 2660 667 2695 Sed
692 2660 886 2695 dicendum
913 2665 969 2695 est
994 2660 1039 2695 ad
1068 2660 1235 2705 primum,
1261 2660 1361 2705 quod
1388 2661 1523 2706 ubique
1548 2666 1605 2696 est
1627 2661 1799 2706 aptitudo
1827 2669 1870 2699 ut

592 2716 657 2752 fiat
687 2717 757 2762 iris,
781 2718 846 2753 sed
877 2716 1065 2753 actualiter
1099 2729 1172 2753 non
1207 2722 1262 2753 est
1296 2717 1363 2753 nisi
1395 2717 1430 2753 in
1461 2717 1649 2763 stillicidiis
1681 2731 1703 2754 a
1732 2719 1869 2765 quibus

592 2774 744 2811 reflexio*
766 2775 863 2811 venit
890 2775 934 2810 ad
957 2774 1127 2816 oculum;
1152 2775 1240 2820 quia
1264 2776 1481 2821 apparentia
1505 2775 1667 2812 colorum
1694 2776 1772 2813 sola
1798 2783 1869 2821 est,

589 2844 685 2878 quae
697 2833 910 2879 apparentia
927 2833 1027 2867 venit
1039 2843 1088 2866 ex
1106 2832 1261 2867 fantasia
1274 2838 1310 2867 et
1322 2833 1536 2878 deceptione
1550 2833 1658 2874 visus,
1672 2839 1712 2869 ut
1725 2834 1867 2871 dictum

589 2896 655 2925 est.
707 2891 757 2924 Et
781 2891 863 2925 ideo
879 2901 1059 2936 nusquam
1081 2890 1117 2924 in
1143 2890 1241 2924 nube
1261 2890 1379 2924 rorida
1396 2895 1451 2925 est
1476 2891 1607 2926 coloris
1634 2891 1780 2933 veritas,
1798 2903 1867 2928 nec

590 2941 895 2992 apparentia'nisi
922 2946 957 2981 in
986 2945 1175 2981 stillicidiis
1205 2957 1227 2981 a
1252 2946 1385 2992 quibus
1411 2945 1450 2982 fit
1481 2947 1526 2982 ad
1554 2946 1672 2982 visum
1698 2946 1867 2985 reflexio.
