2350 3580
581 694 646 728 168
845 695 1018 730 OPERIS
1044 695 1254 735 AMORIS
1283 695 1410 728 PARS
1435 694 1603 729 SEXTA.

579 790 837 832 argumentum
863 785 1054 822 edocebat.
1103 785 1180 822 Sed
1209 790 1401 831 assumpta
1434 785 1663 832 experientia
1685 783 1862 820 combus-

581 842 695 878 tionis
710 842 930 880 certificatur
946 844 1090 879 animus
1102 849 1140 880 et
1152 843 1308 890 quiescit
1319 844 1359 878 in
1369 842 1511 889 fulgore
1521 843 1694 879 verimtis.
1728 840 1834 888 Ergo
1847 839 1861 861 ¹

584 906 839 948 argumentum
858 912 931 937 non
948 900 1092 944 sufficit,
1108 901 1174 938 sed
1193 900 1434 947 experientia.

395 958 572 1000 F-ssl’fflm‘n*
634 957 686 994 Et
709 958 781 996 hoe
808 963 912 1004 patet
939 959 978 993 in
1006 958 1288 999 mathematicis,
1316 958 1379 994 ubi
1403 963 1461 995 eet
1485 957 1679 1004 potissima
1703 957 1863 992 demon·

396 995 543 1060 agg-he-
584 1013 724 1051 stratio.
776 1013 850 1061 Qui
885 1026 972 1051 vero
1008 1014 1122 1051 habet
1159 1014 1512 1051 demonstrationem
1551 1014 1783 1060 potissimam
1813 1013 1864 1049 de

582 1071 769 1119 triangulo
801 1072 1023 1119 aequilatero
1057 1073 1134 1109 sine
1168 1073 1399 1119 experientia
1430 1083 1616 1119 nunquam
1645 1071 1864 1108 adhaerebit

583 1130 728 1166 animus
766 1130 990 1166 conclusioni
999 1130 1023 1172 ²,
1066 1141 1134 1167 nec
1174 1130 1330 1183 curabit,
1366 1130 1432 1166 sed
1476 1129 1635 1178 negliget
1669 1139 1864 1175 usquequo

584 1188 693 1223 detur
715 1189 748 1223 ei
768 1188 999 1234 experientia
1014 1199 1079 1234 per
1102 1188 1401 1224 intersectionem
1419 1189 1574 1224 duorum
1594 1186 1823 1229 circulorum,
1839 1198 1864 1222 a

581 1255 739 1291 quorum
755 1244 928 1282 alterutra
938 1245 1103 1282 sectione
1113 1246 1295 1282 ducantur
1308 1245 1405 1282 duae
1419 1245 1534 1282 lineae
1547 1245 1594 1281 ad
1607 1243 1865 1281 extremitates

581 1302 700 1339 lineae
717 1303 850 1347 datae;
879 1304 943 1339 aed
963 1309 1052 1340 tunc
1070 1303 1201 1350 recipit
1216 1303 1332 1339 homo
1354 1302 1627 1340 conclusionem
1651 1313 1735 1338 eum
1758 1301 1864 1336 omni

581 1360 718 1406 quiete.
779 1360 890 1406 Quod
928 1371 1017 1406 ergo
1058 1361 1148 1396 dicit
1190 1359 1414 1396 Aristoteles
1453 1360 1555 1406 quod
1596 1359 1866 1396 demonstratio

584 1416 843 1464 syllogismus³
860 1423 917 1454 aet
934 1416 1070 1454 faciens
1092 1419 1196 1459 scire,
1213 1417 1494 1465 intelligendum
1513 1423 1570 1453 eet
1586 1418 1617 1452 si
1634 1415 1866 1463 experientia

585 1475 790 1516 comitetur.
808 1481 846 1512 et
863 1486 937 1512 non
954 1475 1003 1512 de
1019 1475 1119 1512 nuda
1137 1475 1463 1512 demonstratione.
1514 1474 1624 1522 Quod
1642 1475 1752 1511 etiam
1774 1474 1866 1510 dicit

586 1532 706 1578 primo
720 1532 1010 1578 Metaphysicae.
1030 1534 1131 1578 quod
1150 1532 1330 1570 habentes
1347 1534 1527 1569 rationem
1550 1538 1587 1568 et
1612 1543 1759 1568 causam
1777 1536 1867 1567 sunt

586 1590 823 1636 sapientiores
839 1591 1012 1636 expertis,
1030 1590 1194 1636 loquitur
1219 1591 1268 1626 de
1290 1592 1456 1636 expertis
1483 1591 1546 1636 qui
1567 1590 1687 1625 solum
1708 1595 1867 1626 noscunt

586 1649 724 1684 nudam
744 1648 937 1684 veritatem
954 1649 1032 1684 sine
1049 1659 1170 1685 causa.
1223 1647 1296 1684 Sed
1316 1647 1376 1684 hic
1403 1648 1532 1694 loquor
1554 1649 1601 1684 de
1618 1653 1785 1694 experto,
1800 1647 1865 1694 qui

586 1705 766 1742 rationem
783 1711 822 1742 et
839 1716 987 1742 causam
1000 1707 1100 1743 novit
1114 1717 1180 1754 per
1190 1706 1467 1752 experientiam.
1505 1706 1555 1742 Et
1567 1705 1604 1742 hi
1616 1711 1698 1742 sunt
1713 1704 1866 1753 perfecti

587 1763 625 1798 in
650 1764 841 1809 sapientia,
868 1769 908 1799 ut
932 1763 1159 1800 Aristoteles
1188 1764 1268 1799 vult
1292 1768 1402 1799 sexto
1428 1764 1644 1800 Ethicorum
1657 1762 1683 1805 ⁴,
1707 1774 1866 1809 quorum

586 1820 817 1856 sermonibus
843 1820 1072 1867 simpiicibue
1101 1826 1189 1857 tune
1216 1822 1441 1858 credendum
1467 1827 1525 1858 est
1554 1833 1597 1856 ac
1626 1820 1657 1856 si
1694 1820 1868 1856 afferrent

588 1878 952 1920 demonstrationem,
970 1885 1009 1914 ut
1026 1878 1117 1915 dicit
1134 1879 1285 1915 ibidem.

404 1947 564 1975 Enondue
637 1936 712 1983 Qui
739 1947 826 1983 ergo
848 1936 926 1972 vult
950 1937 1028 1972 sine
1051 1937 1370 1972 demonstratione
1394 1937 1556 1983 gaudere
1580 1937 1627 1971 de
1652 1936 1869 1972 veritatibus

402 1984 553 2056 ffissffi}
590 2005 721 2036 rerum,
737 1999 886 2040 oportet
909 1994 1010 2040 quod
1037 1994 1288 2040 experientiae
1310 1995 1404 2031 sciat
1427 2005 1582 2038 vacare3
1607 2000 1644 2030 et
1669 1994 1738 2030 hoc
1763 1999 1868 2040 patet

403 2061 484 2085 ment.
589 2061 639 2087 ex
657 2051 837 2098 exemplis
849 2051 872 2088 ⁶.
934 2051 1031 2088 Nam
1050 2052 1168 2089 multa
1185 2051 1350 2088 scribunt
1365 2057 1543 2096 auctores,
1563 2057 1601 2088 et
1617 2051 1749 2098 vulgus
1764 2057 1868 2088 tenet

588 2120 655 2156 per
670 2115 887 2156 argumenta
902 2120 998 2156 quae
1017 2109 1124 2156 fingit
1139 2111 1221 2146 sine
1236 2110 1476 2157 experientia,
1492 2121 1590 2156 quae
1611 2115 1696 2145 sunt
1716 2109 1870 2146 omnino

588 2166 688 2202 salsa.
738 2167 943 2212 Vulgatum
972 2168 1070 2202 enim
1101 2173 1157 2205 est
1192 2169 1292 2213 apud
1321 2178 1447 2203 omnen
1481 2167 1581 2214 quod
1612 2168 1765 2202 adamas
1793 2177 1870 2202 non

590 2229 713 2271 potest
734 2225 849 2271 frangi
873 2225 942 2260 nisi
961 2225 1139 2271 sanguine
1162 2225 1301 2261 hircino
1312 2226 1339 2269 ὓ,
1360 2230 1399 2261 et
1418 2225 1627 2272 philosophi
1649 2231 1686 2260 et
1703 2225 1869 2270 theologi

590 2281 660 2318 hac
690 2282 869 2318 sententia
896 2282 1105 2319 abutuntur.
1157 2282 1234 2319 Sed
1263 2282 1427 2319 nondum
1456 2281 1696 2318 certificatum
1732 2287 1788 2317 est
1820 2282 1871 2318 de

589 2340 769 2376 fractione
797 2351 863 2387 per
896 2340 1108 2387 hujusmodi.
1141 2341 1370 2387 sanguinem,
1395 2351 1607 2387 quanquam
1642 2340 1869 2376 elaboratum

593 2402 649 2433 est
666 2398 712 2433 ad
735 2398 828 2441 hoc;
852 2403 890 2433 et
908 2399 983 2434 sine
1003 2398 1065 2433 ino
1091 2399 1269 2444 sangnine
1284 2403 1410 2444 potent
1425 2397 1541 2444 frangi
1561 2398 1607 2433 de
1626 2397 1732 2433 facili.
1785 2397 1871 2433 Hoc

591 2456 688 2491 enim
706 2456 781 2491 vidi
799 2455 914 2492 oculis
937 2458 1050 2497 meis:
1077 2461 1114 2492 et
1140 2467 1288 2492 necesse
1312 2461 1370 2491 est
1393 2455 1474 2500 hoc,
1491 2455 1578 2502 quia
1601 2467 1772 2501 gemmae
1796 2467 1869 2491 non

593 2519 747 2560 possunt
772 2513 888 2559 sculpi
919 2514 988 2550 nisi
1021 2526 1086 2562 per
1119 2513 1325 2560 fragmenta
1359 2513 1467 2560 hujus
1501 2513 1641 2560 lapidis.
1692 2512 1873 2549 Similiter¹

590 2571 781 2617 vulgatum
799 2576 855 2606 est
872 2571 972 2617 quod
990 2578 1154 2606 castorea
1170 2571 1305 2618 quibus
1322 2572 1452 2607 medici
1474 2576 1625 2606 utuntur
1649 2576 1733 2605 sunt
1758 2575 1871 2606 testes

590 2629 741 2664 masculi
759 2629 937 2664 animalis.
988 2629 1063 2665 Sed
1082 2640 1156 2664 non
1181 2635 1236 2664 est
1261 2629 1321 2670 ita,
1339 2629 1425 2674 quia
1450 2634 1570 2665 castor
1594 2628 1707 2663 habet
1732 2639 1776 2662 ea
1802 2629 1872 2663 sub

590 2691 748 2733 pectore,
765 2691 801 2721 et
818 2691 897 2722 tam
915 2698 994 2722 mas
1011 2697 1121 2733 quam
1141 2685 1305 2722 foemina
1321 2686 1534 2732 hujusmodi
1556 2691 1669 2721 testae
1687 2685 1869 2732 producit.

629 2793 638 2811 ¹
657 2793 735 2828 Quo.
746 2793 791 2826 J.;
811 2801 890 2826 ergo,
904 2792 939 2820 D.
952 2793 1010 2819 and
1026 2792 1059 2819 0.
1182 2783 1186 2790 ‘
1228 2792 1239 2809 “
1256 2793 1429 2826 quaestioni.
1442 2792 1470 2826 J.
1483 2802 1490 2823 ς
1510 2791 1695 2825 conclusioni,
1713 2791 1747 2819 D.
1760 2792 1818 2820 and
1832 2791 1869 2820 Ο.

628 2838 639 2854 ³
657 2836 764 2869 similis,
778 2836 824 2870 J.;
844 2835 1030 2871 syliogismnz
1043 2835 1079 2863 D.
1092 2836 1148 2863 nand
1163 2835 1199 2863 Ο.
1352 2835 1361 2852 ⁴
1381 2835 1424 2863 Cf.
1440 2835 1503 2864 Eua.
1516 2835 1575 2863 Nic.
1591 2835 1627 2864 vi.
1644 2843 1686 2867 n.
1703 2837 1716 2868 ἱ
1730 2835 1758 2862 ⁶.

626 2878 638 2896 ⁸
657 2880 717 2907 The
730 2881 783 2906 last
798 2880 852 2906 five
865 2881 961 2906 words
973 2879 1006 2906 os
1014 2879 1072 2906 this
1083 2883 1221 2906 sentence
1234 2879 1352 2906 omitted
1365 2880 1394 2906 in
1407 2879 1433 2913 J.

628 2922 639 2938 ⁸
657 2923 699 2951 Cf.
716 2923 787 2951 Ptin.
801 2923 910 2951 xxxvii.
923 2932 948 2957 a.
