2350 3580
595 729 660 764 160
847 730 1020 764 OPERIS
1044 729 1255 770 MAJORIS
1281 730 1408 764 PARS
1434 728 1624 771 QUINTA.

592 826 737 857 tantum
768 820 1034 868 multiplicatur
1059 820 1154 857 sicut
1183 831 1228 856 ea
1254 830 1352 866 quae
1373 820 1561 866 pertin'cnt
1583 819 1631 856 ad
1656 818 1806 856 oculum
1831 823 1870 856 et

590 878 779 920 visionem.
799 884 840 915 ut
864 877 1099 915 manifestum
1123 882 1183 914 est
1207 877 1432 924 perlegenti;
1461 883 1498 914 et
1523 878 1608 913 ideo
1634 877 1726 913 nihil
1749 875 1869 924 magis

593 936 835 972 necessarium
877 941 933 972 at
974 935 1094 972 sensui
1132 935 1288 971 naturali
1327 940 1365 971 et
1405 935 1594 982 spirituali,
1625 936 1719 971 sicut
1757 934 1868 980 hujus

593 992 766 1029 scientiae
797 995 990 1030 certitudo.
1048 992 1159 1039 Quod
1200 1003 1294 1029 nunc
1328 994 1552 1030 transeundo
1586 991 1673 1029 volo
1709 991 1868 1034 innuere,

593 1051 764 1098 quoniam
795 1059 868 1087 non
898 1062 990 1097 opus
1021 1050 1078 1086 hic
1110 1050 1248 1086 talibus
1280 1050 1406 1086 multis
1439 1050 1634 1094 immorari,
1657 1050 1744 1097 quia
1776 1049 1869 1086 seim

593 1108 746 1144 veritate
774 1120 892 1145 rerum
926 1119 1021 1154 quae
1049 1107 1085 1144 in'
1114 1107 1303 1154 Scriptura
1336 1114 1535 1155 ponuntur,
1561 1107 1776 1144 facillimum
1811 1111 1867 1143 aet

593 1165 695 1201 omni
715 1164 890 1212 theologo
914 1177 1043 1202 sensus
1065 1165 1205 1202 utiliter
1228 1165 1356 1202 elicere
1381 1165 1598 1212 spirituales.
1649 1164 1743 1201 Cum
1772 1164 1867 1201 enim

593 1222 735 1267 dicitur,
761 1223 921 1260 ‘custodi
946 1234 1021 1265 nos,
1043 1223 1216 1267 Domine,
1236 1227 1278 1259 ut
1301 1223 1478 1270 pupillam
1505 1221 1621 1267 ocu1i‚'
1644 1221 1870 1269 impossibile

593 1286 649 1316 est
664 1281 757 1316 scire
772 1292 919 1316 sensum
939 1281 1010 1316 Dei
1026 1280 1065 1316 in
1083 1281 1152 1316 hoc
1168 1281 1292 1324 verbo,
1310 1281 1379 1316 nisi
1395 1281 1517 1328 primo
1533 1280 1738 1316 consideret
1754 1280 1869 1315 homo

593 1349 666 1384 quo
706 1339 819 1374 modo
857 1336 1021 1385 pupillae
1060 1339 1230 1374 custodia
1265 1339 1461 1384 perficitur,
1494 1343 1674 1384 quatenus
1709 1338 1756 1373 ad
1792 1337 1869 1384 ejus

593 1395 868 1432 similitudinem
903 1395 1006 1432 Deus
1039 1407 1105 1431 nos
1141 1395 1325 1432 custodire
1359 1396 1547 1443 dignetur:
1586 1396 1736 1442 quando
1769 1394 1868 1431 enirn

590 1453 730 1499 aliquid
748 1453 786 1488 in
803 1452 1015 1500 exemplum
1034 1459 1072 1488 et
1096 1453 1375 1490 similitudinem
1402 1453 1628 1501 proponitur,
1647 1464 1719 1488 non
1745 1457 1868 1500 potest

590 1510 844 1556 exemplatum
872 1511 1057 1556 cognosci,
1084 1511 1152 1546 nisi
1188 1510 1350 1558 exempli
1380 1511 1472 1547 ratio
1501 1510 1689 1546 habeatur.
1740 1509 1868 1546 Veluti

589 1568 672 1604 cum
697 1567 787 1603 dicit
812 1567 1003 1611 Dominus,
1019 1571 1161 1604 ‘estote
1185 1567 1383 1614 prudentes
1407 1570 1503 1603 sicut
1526 1566 1734 1615 serpentes‚'
1751 1568 1869 1604 voluit

594 1625 775 1661 Dominus
799 1625 998 1672 discipulos
1021 1636 1107 1662 suos
1128 1625 1359 1662 considerare
1379 1627 1605 1672 serpentinas
1625 1626 1869 1672 proprietates

595 1683 630 1718 in
655 1683 788 1729 quibus
812 1683 1010 1729 prudentia
1034 1683 1112 1728 ejus
1141 1684 1322 1726 consistit,
1350 1688 1387 1719 et
1416 1683 1609 1721 columbae
1636 1689 1804 1719 naturam
1832 1684 1869 1718 in

593 1751 666 1787 qua
681 1740 928 1787 simplicitatis
946 1741 1110 1777 suavitas
1128 1741 1314 1788 reperitur.

408 1806 499 1835 which
641 1797 717 1835 Sed
746 1809 819 1834 non
850 1798 1006 1835 sciemus
1039 1798 1245 1834 custodiam
1279 1798 1441 1845 pupillae
1474 1798 1543 1834 nisi
1576 1806 1643 1846 per
1678 1798 1867 1835 scientiam

406 1843 579 1908 mmo?
595 1855 854 1903 Perspectivae.
896 1855 994 1892 Nam
1017 1856 1157 1903 pupilla
1180 1860 1236 1892 cst
1253 1856 1414 1893 anterius
1430 1856 1592 1904 glaciale,
1607 1857 1707 1903 quod
1725 1855 1869 1893 duobus

406 1915 566 1979 opfifiem‘
592 1912 806 1949 humoribus
821 1919 910 1949 ante
926 1915 1063 1959 etpost
1080 1914 1268 1950 innititur:
1294 1918 1331 1950 et
1354 1925 1425 1950 una
1452 1913 1525 1950 tela
1550 1919 1587 1950 et
1603 1915 1720 1950 tribus
1736 1914 1869 1950 tunicis

404 1955 566 2024 ffihoe'ffi'
593 1970 808 2014 continetur,
850 1970 997 2016 insuper
1037 1971 1252 2007 continuam
1296 1976 1334 2006 et
1379 1970 1599 2018 superfluam
1642 1969 1867 2008 influentiam

593 2028 786 2076 spirituum
823 2034 861 2062 et
895 2028 1072 2065 virtutum
1114 2028 1290 2075 recipiens
1334 2039 1356 2066 a
1399 2029 1525 2066 fontali
1565 2029 1792 2077 plenitudine
1832 2029 1869 2065 in

590 2086 752 2121 sectione
781 2082 936 2122 crucea¹
968 2086 1210 2129 consistente;
1243 2091 1281 2122 et
1310 2086 1363 2121 ita
1390 2092 1532 2134 septem
1558 2087 1709 2133 requirit
1736 2087 1786 2122 ad
1812 2087 1867 2122 sui

593 2142 810 2179 custodiam.
875 2142 979 2179 Haec
1003 2150 1060 2180 eet
1085 2155 1173 2190 ergo
1199 2143 1350 2180 literalis
1374 2145 1570 2191 expositio,
1594 2145 1653 2180 cui
1676 2144 1868 2181 assimilari

593 2200 819 2248 spiritualem
852 2201 931 2237 vult
973 2200 1170 2238 psalmista
1212 2213 1295 2238 cum
1336 2202 1430 2249 petit
1466 2202 1672 2238 custodiam
1709 2201 1870 2249 pupillae

592 2257 801 2306 spiritualis,
832 2258 872 2295 id
913 2265 981 2301 at,
1014 2259 1183 2302 animae;
1219 2270 1288 2306 pro
1321 2271 1395 2306 qua
1432 2260 1594 2307 perfecte
1629 2261 1869 2297 custodienda

592 2316 795 2353 necessaria
835 2321 920 2351 sunt
945 2316 1114 2363 septem,
1148 2317 1289 2352 scilicet
1327 2317 1454 2360 virtus,
1487 2318 1636 2360 donum,
1668 2319 1869 2363 beatitudo,

593 2384 721 2411 seusus
761 2373 970 2420 spiritualis
1011 2373 1161 2417 fructus.
1203 2380 1241 2410 et
1282 2375 1456 2411 revelatio
1496 2376 1696 2411 secundum
1738 2378 1869 2413 modos

593 2438 729 2478 raptus,
750 2438 787 2468 et
812 2431 959 2478 insuper
982 2433 1157 2468 continua
1183 2432 1374 2468 influentia
1399 2432 1658 2470 charismatum
1683 2433 1823 2480 gratiae
1846 2447 1869 2471 a

594 2489 819 2538 plenitudine
843 2489 1030 2527 Crucifixi.
1081 2489 1280 2527 Caeterum
1305 2491 1457 2527 virtutes
1483 2491 1702 2538 principales
1727 2499 1866 2540 septem

594 2553 688 2590 sunt,
716 2553 757 2583 ut
786 2553 860 2583 tres
892 2547 1134 2594 theologicae,
1158 2548 1303 2592 caritas,
1327 2548 1419 2584 fides
1452 2554 1490 2584 et
1523 2560 1618 2595 spen,
1643 2555 1681 2584 et
1713 2554 1869 2595 quatuor

593 2604 803 2650 oerdinales,
836 2604 990 2650 justitia,
1019 2604 1208 2647 fortitudo,
1234 2606 1487 2652 temperantia,
1512 2612 1550 2642 et
1573 2609 1780 2653 prudentia,
1804 2619 1869 2654 per

593 2673 684 2709 quas
701 2662 815 2698 habet
830 2668 954 2699 nostra
977 2662 1114 2711 pupilla
1134 2663 1334 2710 spiritualis
1356 2663 1541 2700 custodiri.
1592 2663 1745 2700 Necnon
1772 2664 1869 2701 dona

594 2719 752 2766 Spiritus
771 2719 899 2755 Sancti
914 2725 1001 2756 sunt
1017 2725 1170 2766 septem,
1188 2726 1227 2757 et
1243 2721 1441 2766 petitiones
1458 2721 1677 2757 Dominicae
1693 2723 1869 2759 orationis

590 2778 797 2824 septenario
815 2777 1085 2813 concluduntur.
1139 2777 1216 2815 Sed
1226 2777 1478 2815 beatitudine-
1494 2784 1578 2815 octo
1596 2785 1692 2821 sunt,
1707 2786 1748 2816 ut
1767 2786 1869 2826 patet

593 2846 642 2871 ex
670 2836 799 2882 quinto
829 2835 1021 2879 Matthaei,
1052 2841 1090 2872 et
1115 2836 1201 2872 ideo
1228 2842 1370 2882 septem
1401 2837 1576 2874 custodiis
1604 2838 1765 2885 pupillae
1789 2848 1867 2875 cor-

593 2893 724 2939 poralis
750 2893 919 2928 dabimus
943 2898 1112 2928 octavam
1141 2893 1410 2940 palpebramm,
1434 2901 1476 2931 ut
1503 2901 1589 2932 octo
1618 2895 1867 2943 spiritualibus

883 2966 890 2983 ¹
910 2965 972 2994 Tne
983 2966 1061 3002 optic
1074 2967 1261 2995 eommissure
1272 2975 1367 2995 seen·
1379 2972 1410 2995 to
1422 2967 1458 3002 be
1467 2972 1574 2996 munt.
