2350 3580
599 688 647 722 86
849 688 1023 722 OPERIS
1048 688 1259 728 uAJORrs
1283 687 1412 721 PARS
1440 687 1628 729 QUINTA.

601 781 779 817 transiens
805 791 871 828 per
888 791 969 816 mm
994 779 1119 816 statim
1143 780 1343 827 expeditur
1365 780 1414 816 ab
1439 791 1494 823 m,
1512 786 1551 816 et
1574 779 1628 817 aie
1652 785 1778 828 potest
1799 789 1882 816 rem

603 845 854 876 occurrentem
870 850 987 886 prope
1008 839 1279 876 cito·distincte
1299 838 1445 880 videre;
1470 849 1555 876 cum
1571 849 1658 875 vero
1677 843 1734 876 est
1748 847 1884 884 supet·

604 896 679 933 flua
706 897 908 933 humiditas
937 896 1183 937 accidentalis.
1208 902 1294 932 tunc
1321 897 1556 932 confunditur
1581 896 1720 938 oeulm.
1742 901 1781 931 et
1806 904 1884 931 non

604 955 655 991 ita
678 956 752 991 cito
777 957 974 1002 expeditur
997 960 1148 1001 propter
1169 956 1413 1001 quantitatem
1433 955 1674 991 humiditatis.
1725 954 1778 990 Et
1794 955 1884 990 ideo

604 1020 750 1060 oportet
766 1014 868 1060 quod
895 1025 951 1049 res
977 1012 1123 1059 longius
1145 1013 1261 1049 distet
1281 1013 1330 1049 ab
1352 1012 1467 1048 oeulis
1489 1017 1687 1058 antequam
1705 1011 1885 1048 distincte

604 1072 795 1114 videntum
821 1083 906 1108 nam
931 1071 1132 1107 humiditas
1157 1071 1259 1113 haec,
1279 1082 1374 1118 quae
1399 1071 1558 1106 decurrit
1583 1071 1621 1106 in
1646 1069 1756 1106 ocqu
1778 1074 1817 1105 et
1843 1067 1884 1104 in

606 1129 797 1176 superficie
826 1141 981 1165 corneae
1008 1133 1046 1164 et
1073 1129 1344 1175 palpebrarum,
1372 1140 1445 1164 non
1472 1128 1592 1164 solum
1620 1139 1754 1174 corpus
1783 1125 1885 1162 oculi

606 1192 772 1232 occupat,
808 1187 873 1223 sed
908 1199 1028 1222 aerem
1061 1186 1251 1222 humectat
1285 1197 1401 1232 prope
1433 1186 1604 1229 oculum3
1645 1190 1684 1222 et
1716 1185 1803 1221 ideo
1833 1184 1887 1220 de

608 1257 725 1292 prope
759 1256 835 1280 non
868 1250 1026 1291 possunt
1059 1243 1154 1280 oculi
1190 1243 1283 1280 tales
1314 1243 1450 1285 videre,
1482 1243 1547 1279 sed
1581 1248 1729 1290 oportet
1759 1241 1885 1277 visum

606 1302 775 1349 expediri
808 1303 857 1338 ab
889 1313 933 1339 ea
968 1308 1006 1338 et
1040 1301 1185 1348 longius
1219 1301 1381 1336 nansire.
1444 1301 1545 1336 Prior
1578 1301 1674 1336 ratio
1705 1299 1887 1345 tangebat

608 1370 757 1394 causam
775 1360 923 1395 videndi
948 1371 971 1394 a
994 1360 1145 1394 remotis
1170 1370 1235 1404 per
1256 1359 1516 1394 humiditatem
1545 1358 1749 1396 naturalem
1774 1354 1887 1399 oculi,

610 1416 670 1452 hic
687 1415 729 1453 fit
742 1417 883 1452 mentio
899 1418 946 1453 de
959 1416 1182 1453 humiditate
1199 1415 1414 1452 accidentali
1427 1413 1649 1463 superflua&
1687 1413 1887 1450 Caeterum

610 1474 668 1510 hic
701 1474 886 1520 loquimur
908 1474 957 1510 de
981 1474 1121 1510 visione
1150 1485 1172 1509 a
1202 1474 1312 1520 longe
1345 1474 1452 1510 aliter
1487 1484 1598 1520 quarn
1631 1473 1757 1519 prius:
1799 1482 1888 1507 nam

610 1531 710 1576 quod
737 1531 798 1566 hic
823 1543 999 1567 vocamus
1023 1543 1140 1578 prope
1165 1536 1203 1566 et
1229 1532 1339 1578 longe
1365 1531 1574 1568 continetur
1594 1530 1647 1565 ibi
1674 1530 1743 1565 sub
1772 1528 1890 1565 altem

613 1589 768 1632 illorum,
786 1589 922 1625 scilicet
946 1590 1017 1624 sub
1041 1601 1168 1635 prope,
1192 1601 1236 1625 eo
1259 1590 1359 1635 quod
1383 1589 1538 1624 remotio
1564 1587 1614 1624 ibi
1638 1587 1798 1623 sumitur
1818 1597 1890 1632 pro

614 1657 750 1692 magna
777 1647 961 1687 distantia,
992 1652 1030 1683 et
1057 1647 1117 1682 hic
1148 1646 1336 1693 loquimur
1370 1647 1414 1682 de
1447 1645 1623 1682 distantia
1656 1652 1695 1682 et
1729 1645 1890 1681 discreta

613 1704 823 1749 cognitione
848 1715 943 1750 quae
968 1704 1017 1741 sit
1039 1715 1185 1751 semper
1212 1716 1334 1751 prope.
1385 1704 1460 1741 Sed
1486 1709 1615 1750 potest·
1636 1702 1712 1738 fieri
1738 1701 1891 1748 propin-

613 1762 719 1807 quius
744 1761 801 1796 vel
828 1763 1012 1803 remotius,
1037 1763 1099 1807 qui
1130 1767 1254 1797 tamen
1281 1766 1366 1797 sunt
1392 1763 1530 1806 gradus
1554 1761 1590 1796 in
1616 1758 1892 1807 propinquitate

613 1818 797 1855 contraria
815 1819 1008 1860 remotioni
1026 1819 1072 1855 de
1090 1831 1161 1866 qua
1179 1819 1214 1854 in
1234 1819 1416 1866 prioribus
1434 1818 1685 1865 loquebamur.

1090 1990 1339 2027 CAH-romu
1367 1990 1420 2026 11.

668 2100 712 2136 In
744 2111 819 2146 quo
852 2100 989 2135 dantur
1017 2109 1148 2136 causae
1182 2100 1230 2134 de
1263 2106 1361 2136 certa
1394 2099 1454 2135 vel
1490 2099 1647 2135 discreta
1678 2098 1823 2135 visione
1854 2097 1894 2133 in

617 2158 779 2193 tenebris
801 2162 838 2192 et
855 2157 946 2193 luce.

434 2266 541 2300 nepen-
670 2261 721 2297 Et
746 2261 831 2308 quia
857 2260 952 2297 sacta
978 2268 1033 2296 cst
1060 2261 1202 2298 mentio
1225 2261 1273 2298 de
1303 2261 1521 2298 discretione
1546 2260 1656 2302 visus,
1683 2260 1769 2307 quia
1794 2260 1897 2296 aliud

431 2301 521 2364 25²:ssss
532 2300 570 2363 (ἐς,
621 2323 677 2355 est
695 2319 817 2354 videre
835 2331 857 2354 a
877 2319 997 2364 longe,
1017 2319 1115 2354 aliud
1132 2320 1362 2362 discernere;
1391 2319 1696 2356 considerandum
1720 2323 1785 2359 est,
1803 2329 1899 2364 quae

430 2375 486 2437 :iulg
499 2373 599 2437 astu*
621 2377 823 2422 exiguntur
850 2377 895 2412 ad
926 2377 1185 2412 discretionem
1212 2377 1309 2412 visus
1343 2382 1380 2412 et
1410 2377 1692 2418 distinctionem,
1718 2381 1898 2422 quantum

433 2452 519 2474 mm.
621 2439 677 2470 est
695 2435 739 2470 de
760 2434 1028 2480 compositione
1050 2434 1157 2470 oculi.
1210 2433 1260 2470 Et
1283 2433 1525 2480 proculdubio
1547 2444 1694 2470 necesse
1715 2439 1772 2470 est
1796 2434 1898 2480 quod

435 2481 597 2547 ζὶξζῗηῠῖ
621 2491 761 2527 humor
777 2491 941 2538 glacialis
963 2491 1010 2527 sit
1034 2491 1152 2527 bonae
1165 2492 1394 2537 quantitatis,
1412 2497 1451 2527 ut
1478 2491 1514 2527 in
1541 2503 1585 2527 eo
1612 2491 1753 2538 possint
1775 2496 1901 2538 partes

435 2554 535 2618 :agg
623 2549 671 2585 rei
690 2550 783 2584 bene
808 2549 981 2595 distingui
999 2554 1037 2584 et
1054 2549 1283 2584 sensibiliter.
1336 2549 1376 2585 Si
1399 2549 1494 2584 enirn
1518 2560 1652 2595 parvus
1676 2554 1740 2591 est,
1758 2548 1903 2595 specioe

453 2602 468 2616 u
537 2611 543 2618 .

661 2660 670 2677 ¹
691 2663 837 2691 Funustie
855 2672 888 2691 as
908 2664 963 2691 this
983 2664 1163 2699 explanation
1184 2664 1219 2691 os
1234 2664 1409 2699 Presbyopia
1428 2673 1494 2698 may
1512 2664 1556 2696 be.
1572 2664 1592 2691 it
1607 2663 1711 2691 should
1727 2663 1765 2691 be
1779 2671 1904 2691 renuu-

623 2706 710 2734 bered
729 2706 798 2734 how
816 2715 887 2740 very
906 2711 1003 2734 recent
1021 2708 1046 2734 ia
1065 2707 1114 2734 the
1137 2712 1201 2734 true
1219 2709 1412 2742 explanation.
1454 2706 1512 2734 Not
1530 2706 1571 2733 till
1589 2706 1716 2742 midway
1732 2706 1761 2734 in
1780 2706 1831 2734 the
1847 2707 1905 2735 last

623 2754 744 2784 century
756 2758 819 2777 was
835 2750 856 2776 it
870 2751 1026 2784 suggested
1041 2751 1092 2784 (by
1106 2750 1290 2784 Portet-field)
1305 2751 1363 2777 that
1381 2750 1625 2778 accommodatior:
1641 2750 1673 2777 os
1687 2750 1765 2784 sight
1784 2754 1815 2778 to
1832 2759 1906 2778 near

623 2794 732 2826 objects
751 2793 903 2828 depended
917 2802 954 2820 on
968 2802 1003 2820 an
1019 2794 1144 2820 increase
1158 2794 1187 2820 in
1201 2794 1250 2821 the
1263 2799 1414 2821 curvature
1427 2793 1461 2821 of
1476 2794 1525 2820 the
1538 2794 1601 2820 lena
1614 2793 1760 2829 produced
1778 2793 1818 2829 by
1834 2802 1905 2822 eon-

623 2836 745 2864 traetion
758 2836 792 2863 ol*
806 2837 855 2863 the
875 2836 973 2871 eiliary
986 2837 1110 2868 musele:
1129 2837 1185 2864 and
1201 2837 1260 2864 that
1272 2837 1424 2864 weaknass
1436 2837 1471 2864 os
1485 2837 1534 2863 the
1547 2837 1654 2864 musele
1672 2837 1727 2864 and
1744 2837 1860 2872 rigidity
1873 2838 1908 2866 os

623 2881 672 2907 the
686 2879 749 2906 lens
761 2888 841 2907 came
855 2888 892 2906 on
906 2881 977 2906 with
990 2888 1054 2914 age.
1093 2881 1277 2915 Knowledge
1295 2881 1330 2907 os
1344 2881 1392 2907 the
1411 2880 1521 2915 precise
1538 2879 1714 2907 mechanism
1726 2880 1760 2907 of
1774 2880 1826 2908 the
1838 2888 1906 2916 pev-

623 2932 686 2951 eess
698 2932 760 2951 was
772 2924 906 2951 reserved
919 2923 963 2951 for
977 2932 1030 2952 our
1041 2932 1108 2951 own
1122 2924 1200 2952 time.
