2350 3580
610 694 678 739 448
902 695 1275 729 MULTIPLICATJO
1299 695 1582 730 SPECIERUM.

610 787 790 826 auctores.
810 786 849 818 et
873 783 1048 828 probatur
1072 781 1192 829 posU,
1219 787 1308 819 tunc
1332 783 1367 819 in
1394 780 1551 819 videndo
1576 782 1712 826 stellae,
1736 787 1885 829 oportet

609 840 710 886 quoti
728 839 826 876 visus
843 840 957 877 nostri
972 840 1112 887 species
1137 845 1330 886 generetur
1352 840 1390 876 in
1412 839 1530 882 coelo,
1545 839 1641 876 sicut
1662 840 1698 876 in
1718 839 1884 886 sphaeris

610 896 886 934 elementorum.
938 897 988 932 Et
1018 899 1101 933 ideo
1123 898 1299 943 quiequid
1326 897 1385 934 hic
1410 897 1631 944 objiceretur
1656 898 1703 933 de
1726 897 1883 932 intrans·

610 953 852 990 mutabilitate
868 955 972 990 coeli.
990 960 1028 990 et
1043 955 1143 1001 quod
1160 966 1235 990 non
1252 960 1310 990 eat
1325 954 1534 1001 generabile
1551 966 1617 990 nec
1634 954 1883 1001 corruptibile,

608 1011 815 1054 dicendum,
839 1011 939 1058 quod
963 1011 1034 1048 hoc
1059 1011 1181 1062 solum
1208 1011 1484 1059 intelligendum
1510 1016 1565 1047 est
1589 1011 1638 1047 de
1661 1017 1880 1048 transmuta-

608 1068 708 1104 tione
741 1074 779 1104 et
811 1069 1043 1114 generatione
1077 1074 1117 1104 et
1148 1069 1382 1114 corruptione
1419 1080 1514 1115 quae
1546 1069 1681 1104 tollunt
1714 1073 1880 1104 naturam

608 1125 817 1172 specificam
843 1127 1024 1172 patientis,
1040 1131 1079 1162 et
1099 1132 1276 1162 renovant
1299 1127 1405 1162 aliam
1431 1127 1585 1162 formam
1609 1126 1818 1172 specificam
1845 1126 1880 1161 in

607 1193 689 1219 esse
721 1183 915 1230 completo.
967 1183 1041 1220 Sed
1074 1184 1171 1220 bene
1208 1188 1264 1220 est
1299 1183 1357 1219 hic
1390 1183 1569 1227 alteratio,
1601 1194 1695 1230 quae
1728 1190 1784 1219 est
1819 1194 1884 1229 per

607 1241 879 1286 generationem
897 1240 1041 1286 speciei,
1057 1252 1130 1287 qua
1146 1241 1314 1276 coelectis
1331 1245 1461 1276 natura
1483 1240 1701 1276 assimiletur
1724 1241 1883 1276 inferiori

608 1305 759 1345 propter
799 1299 974 1345 majorem
1021 1298 1315 1334 conformitatem
1361 1299 1515 1334 universi
1557 1304 1596 1334 et
1634 1299 1804 1342 salutem,
1843 1305 1880 1334 et

609 1362 759 1402 propter
788 1356 1041 1392 necessitatem
1070 1368 1199 1392 sensus
1222 1361 1262 1392 et
1291 1356 1454 1392 maxime
1478 1356 1589 1401 visus,
1613 1355 1718 1402 eujus
1740 1356 1880 1402 species

608 1413 707 1449 venit
735 1413 783 1449 ad
810 1413 946 1459 stellas,
973 1420 1012 1449 et
1039 1414 1085 1449 ad
1116 1425 1228 1460 quam
1256 1414 1399 1460 species
1426 1413 1614 1450 stellarum
1647 1414 1798 1450 veniunt
1832 1414 1879 1450 ad

608 1471 737 1506 visum.

424 1527 455 1556 ¹¹¹
468 1529 568 1556 certain
657 1527 696 1564 Si
713 1538 799 1564 vero
823 1528 1027 1574 objiciatur,
1043 1528 1143 1574 quod
1169 1539 1281 1564 omne
1305 1541 1416 1575 agens
1441 1533 1497 1564 eet
1523 1529 1682 1565 nobilius
1707 1528 1879 1575 patiente,

422 1571 566 1629 ffffifl
608 1591 648 1621 ut
667 1585 883 1622 Aristoteles
901 1586 988 1622 dicit
1010 1586 1120 1622 tertio
1145 1586 1192 1621 de
1215 1585 1363 1629 Anima,
1383 1587 1576 1622 dicendum
1602 1586 1703 1632 quod
1727 1586 1799 1623 hoc
1823 1591 1879 1622 est

422 1636 593 1702 {maffia
606 1654 729 1678 verum
748 1645 785 1678 in
803 1649 979 1689 quantum
1002 1643 1236 1688 hujusmodi:
1268 1644 1441 1689 quoniam
1470 1644 1505 1678 in
1530 1650 1709 1689 quantum
1736 1643 1877 1678 coelum

422 1709 553 1737 celetem.
607 1701 719 1736 habet
760 1702 1003 1747 aptitudinem
1043 1706 1080 1736 et
1115 1702 1321 1746 potentiam
1356 1706 1395 1736 et
1436 1702 1647 1747 appetitura
1692 1701 1878 1747 quendam

608 1764 772 1805 respectu
782 1758 957 1794 virtutum
972 1769 1090 1794 rerum
1105 1757 1327 1799 inferiorum.
1340 1758 1472 1804 quibus
1487 1763 1645 1794 caret‘u‘t
1658 1758 1880 1795 assimiletur

606 1816 659 1851 eis
684 1820 832 1860 propter
856 1816 1030 1866 majorem
1058 1816 1332 1860 proportionem
1359 1816 1527 1859 universi,
1544 1816 1578 1852 in
1596 1815 1667 1852 hoc
1683 1820 1738 1851 est
1756 1816 1878 1851 minus

608 1872 730 1908 nobile
756 1884 868 1918 quam
901 1884 959 1908 res
990 1872 1137 1908 inferior
1168 1878 1495 1918 quantumcunque
1525 1874 1614 1914 vilia.
1643 1885 1737 1919 quae
1765 1873 1876 1909 talem

605 1931 765 1976 speciem
782 1930 894 1966 habet
910 1931 943 1966 in
963 1937 1045 1966 actu
1063 1936 1101 1966 et
1128 1930 1363 1976 completam.
1425 1929 1505 1966 Nec
1530 1930 1727 1976 derogatur
1747 1930 1784 1966 in
1808 1930 1878 1966 hoc

606 1988 787 2024 nobilitati
803 1987 970 2024 coelestis
986 1987 1223 2028 substantiae,
1242 1989 1327 2033 quia
1346 1999 1419 2023 non
1436 1995 1494 2024 est
1512 1988 1582 2024 hoc
1598 1989 1645 2024 ad
1669 1986 1747 2032 ejus
1773 1988 1876 2034 igno-

603 2045 793 2087 bilitatem,
810 2046 875 2080 sed
901 2046 946 2080 ad
971 2045 1153 2088 decorem,
1169 2050 1209 2080 ut
1230 2044 1414 2090 completa
1434 2046 1481 2079 sit
1501 2045 1694 2081 concordia
1718 2045 1876 2091 partium

604 2102 759 2138 universi
777 2109 815 2138 et
831 2101 930 2138 salus
948 2109 986 2138 et
1006 2102 1190 2148 perfectio,
1210 2109 1390 2148 quatenus
1407 2103 1623 2138 conveniant
1641 2105 1687 2138 ad
1707 2102 1878 2146 invicem,

604 2166 780 2206 quantum
809 2160 979 2205 possibile
1006 2166 1070 2195 est.
1121 2159 1161 2195 Si
1181 2160 1401 2205 objiceretur
1416 2171 1465 2195 ex
1481 2161 1625 2195 decimo
1644 2159 1875 2206 Metaphysi-

601 2228 726 2252 corum
739 2218 764 2258 ²,
779 2217 879 2262 quod
897 2217 1132 2262 corruptibile
1157 2224 1193 2252 et
1212 2217 1485 2262 incorruptibile
1503 2229 1576 2252 non
1601 2218 1873 2253 communicant

604 2275 638 2309 in
655 2287 797 2320 genere,
815 2281 852 2310 et
871 2275 941 2310 hoc
959 2286 1032 2310 non
1050 2280 1174 2320 posset
1192 2275 1327 2319 exponi
1345 2275 1392 2310 de
1414 2287 1547 2320 genere
1565 2274 1814 2321 praedicabili,
1831 2281 1870 2311 ut

603 2337 715 2377 patet,
732 2343 815 2368 cum
841 2332 915 2368 sint
941 2332 974 2367 in
1002 2332 1132 2368 eodem
1160 2332 1470 2378 praedicamento,
1485 2343 1633 2368 necesse
1658 2339 1713 2368 est
1734 2333 1873 2378 exponi

600 2390 730 2424 eodem
771 2395 903 2436 gemere
946 2389 1121 2434 subjecto,
1154 2390 1242 2435 quia
1281 2400 1395 2434 genus
1427 2389 1563 2424 dicitur
1594 2389 1794 2435 aequivoce
1825 2390 1871 2424 ad

599 2447 804 2492 subjectum
830 2453 867 2482 et
892 2447 939 2482 ad
968 2448 1073 2489 idem,
1092 2448 1192 2492 quod
1219 2447 1263 2482 de
1289 2447 1452 2492 pluribus
1477 2446 1727 2482 differentibus
1752 2448 1873 2493 speeie

601 2506 830 2550 praedicatur
859 2505 895 2540 in
925 2517 969 2540 eo
999 2507 1097 2551 quod
1128 2504 1223 2550 quid,
1250 2515 1363 2551 quare
1390 2504 1532 2540 videtur
1555 2504 1654 2549 quod
1681 2505 1715 2539 in
1740 2505 1870 2540 eodem

599 2562 766 2606 subjecto
781 2562 930 2598 coelesti
950 2574 1021 2598 non
1041 2563 1108 2597 erit
1126 2568 1256 2597 natura
1279 2561 1523 2606 corruptibilis
1546 2572 1630 2595 cum
1655 2562 1871 2609 incorrupti·

600 2619 672 2661 bili,
691 2621 883 2665 praecipue
906 2631 988 2654 cum
1010 2631 1141 2665 corpus
1163 2620 1320 2654 coeleste
1345 2620 1390 2653 sit
1415 2618 1584 2665 simplex.
1636 2618 1750 2654 Aliud
1769 2621 1866 2654 enim

599 2683 655 2712 cst
672 2679 719 2712 de
737 2678 886 2712 homine
901 2678 963 2722 qui
983 2683 1037 2712 est
1054 2678 1283 2722 compositae
1301 2683 1451 2712 naturae
1470 2676 1727 2722 multipliciter,
1743 2678 1777 2712 in
1796 2689 1869 2723 quo

598 2742 652 2770 est
679 2735 777 2770 aliud
801 2735 1037 2780 corruptibile
1060 2741 1096 2770 et
1119 2735 1218 2770 aliud
1248 2734 1530 2781 incorruptibilem
1581 2734 1656 2769 Sed
1676 2735 1867 2770 dicendum

636 2847 644 2864 ¹
665 2847 752 2883 prius,
767 2847 802 2881 J..
819 2852 891 2882 post,
908 2847 941 2875 Ο.
957 2848 1012 2875 and
1029 2847 1100 2882 Reg.

636 2891 645 2906 ¹
665 2892 706 2918 Cf.
726 2891 919 2926 Mctaphysicm
937 2892 974 2919 iz,
997 2900 1038 2924 ιο,
1058 2894 1071 2924 5
1097 2899 1107 2918 ι
1127 2890 1232 2926 ἀνάγκη
1247 2890 1339 2925 ἶτσρον
1353 2888 1419 2917 εἶναι
1432 2891 1470 2924 τῷ
1487 2891 1561 2925 γένη
1582 2888 1614 2916 τὸ
1632 2890 1750 2925 φθαρτὰ
1773 2891 1816 2917 mi
1837 2893 1869 2917 τι)

597 2936 740 2972 rimport.
