2350 3580
416 1844 487 1880 ΟΡ·
502 1853 526 1878 4·

419 2182 461 2209 De
475 2181 546 2209 Con-

414 2219 524 2250 mua.

415 2264 475 2291 0⁸1³·
487 2262 513 2290 5·

597 715 665 750 304
831 707 1005 740 OPERIS
1030 707 1240 747 MMORIS
1265 706 1393 740 PARS
1416 705 1641 740 SEPTIMA.

597 797 746 833 sublimi
775 803 872 835 sunt.
899 824 908 833 .
937 824 945 833 .
972 824 983 832 .
1013 797 1283 833 Imminet-abile
1314 801 1373 832 est
1400 808 1473 832 non
1505 794 1605 844 quod
1636 807 1709 832 non
1738 795 1876 839 feritur.

599 855 664 890 sed
686 855 786 901 q‘uod
807 867 881 891 non
901 855 1079 892 laeditur:
1108 865 1157 891 ex
1181 855 1250 890 hac
1271 855 1341 890 tibi
1364 861 1453 890 nota
1474 855 1678 901 sapientem
1702 855 1875 890 exhibeo.

601 911 792 958 Numquid
810 912 963 948 dubium
981 918 1037 948 est
1052 913 1141 959 quin
1159 912 1294 948 certius
1310 911 1421 948 robur
1439 912 1488 949 sit
1508 912 1609 959 quod
1629 923 1701 949 non
1717 911 1877 948 vincitur

599 981 711 1015 quam
737 971 837 1017 quod
859 981 932 1007 uon
956 970 1154 1010 lacessitur,
1170 981 1254 1006 eum
1281 969 1414 1006 dubiae
1439 970 1510 1006 sint
1531 970 1625 1006 vires
1648 970 1876 1016 inexpertae,

599 1032 640 1063 at
666 1028 799 1063 merito
824 1028 1026 1064 certissima
1052 1027 1205 1064 firmitas
1230 1028 1410 1063 habentur
1432 1039 1528 1074 quae
1556 1038 1685 1064 omnes
1708 1028 1877 1063 incursus

600 1085 764 1130 respuit?
788 1085 841 1120 sic
855 1090 895 1121 tu
914 1086 1119 1131 sapientem
1142 1086 1303 1121 melioris
1325 1081 1423 1121 scito'
1441 1097 1521 1122 esse
1542 1090 1704 1129 naturae,
1720 1086 1752 1120 si
1774 1083 1877 1121 nulla

601 1141 650 1178 illi
668 1142 800 1188 injuria
817 1147 937 1186 nocet,
952 1153 1064 1188 quarn
1083 1143 1112 1178 si
1132 1142 1230 1179 nulla
1252 1143 1285 1179 ei
1302 1142 1355 1178 fit.
1407 1142 1458 1179 Et
1478 1142 1581 1179 illum
1604 1142 1737 1179 sortem
1754 1143 1875 1179 virum

599 1199 730 1243 dicam,
762 1211 872 1246 quem
907 1199 1003 1236 bella
1039 1211 1110 1236 non
1143 1200 1321 1245 subigunt
1353 1211 1421 1236 nec
1456 1201 1609 1237 admota
1641 1201 1697 1237 vis
1722 1200 1876 1237 'hostilis

599 1262 768 1301 exterret,
795 1269 868 1293 non
901 1258 960 1293 cui
992 1258 1128 1304 pingue
1160 1259 1279 1292 otium
1312 1262 1369 1293 est
1403 1258 1497 1302 iuter
1527 1258 1674 1293 desides
1705 1257 1874 1304 populos.

603 1313 691 1350 Hoc
720 1314 831 1361 igitur
863 1315 954 1359 dico,
988 1306 1192 1362 sapientem
1228 1314 1316 1350 nulli
1354 1325 1434 1350 esse
1468 1314 1621 1361 injuriae
1654 1315 1875 1351 obnoxium.

601 1371 732 1419 Itaque
766 1383 839 1407 non
875 1372 980 1408 refert
1012 1384 1123 1419 quam
1158 1372 1275 1407 multa
1309 1372 1346 1407 in
1381 1372 1483 1407 illum
1521 1372 1759 1419 conjiciantur
1789 1372 1876 1414 tela,

599 1440 685 1464 cum
717 1429 766 1464 sit
798 1429 887 1464 nulli
921 1430 1183 1475 penetrabilis;
1223 1430 1412 1475 quomodo
1443 1427 1674 1474 quorundam
1707 1429 1874 1475 lapidum

600 1486 897 1532 inexpugnabilis
919 1486 1014 1522 ferro
1037 1487 1171 1523 duritia
1196 1493 1263 1529 δὲ,
1281 1499 1346 1523 nec
1372 1486 1485 1522 secari
1508 1487 1661 1523 adamas
1683 1492 1747 1522 aut
1769 1487 1875 1522 caedi

599 1543 659 1578 vel
688 1535 799 1579 deteri
830 1550 963 1590 potest,
990 1544 1053 1581 sed
1083 1544 1303 1580 incurrentia
1336 1543 1432 1581 ultro
1462 1544 1634 1579 retundit.
1685 1543 1877 1590 Quemad-

600 1601 752 1636 modum
784 1602 968 1647 quaedam
1003 1613 1074 1637 non
1110 1607 1263 1647 possunt
1296 1597 1383 1646 igne
1413 1602 1592 1648 consumi,
1625 1602 1689 1636 sed
1725 1598 1875 1641 flamma

599 1657 817 1694 circumfusa
842 1658 999 1705 rigorem
1026 1670 1131 1694 suum
1157 1658 1401 1704 habitumque
1425 1665 1661 1694 conservant:
1696 1660 1875 1705 quemad·

601 1715 752 1752 modum
775 1716 928 1762 projecti
952 1716 1103 1763 quidam
1128 1716 1163 1752 in
1185 1715 1301 1752 altum
1325 1715 1467 1763 scopuli
1492 1727 1592 1752 marc
1611 1716 1785 1764 frangunt
1807 1727 1876 1752 nec

600 1774 669 1819 ipsi
699 1773 774 1809 ulla
801 1773 977 1810 saevitiae
1003 1774 1157 1819 vestigia
1188 1779 1245 1809 tot
1272 1774 1453 1822 verberati
1483 1772 1636 1809 saeculis
1665 1761 1876 1815 ostentantz

599 1831 652 1866 ita
675 1830 848 1876 sapientis
868 1831 1014 1878 animus
1034 1830 1174 1866 solidus
1199 1835 1256 1866 est
1279 1835 1315 1866 et
1339 1831 1376 1865 id
1400 1830 1541 1866 roboris
1565 1830 1714 1876 colligit,
1734 1837 1773 1867 ut
1796 1835 1874 1867 tam

599 1893 704 1924 tutus
724 1887 772 1924 sit
795 1883 999 1932 :Tib-injuria
1021 1898 1132 1933 quam
1157 1887 1219 1923 illa
1241 1899 1337 1934 quae
1359 1886 1486 1924 retuli!
1507 1913 1516 1923 .
1534 1914 1542 1923 .
1562 1914 1570 1924 .
1587 1889 1597 1905 ¹
1610 1887 1754 1933 Maiore
1776 1889 1885 1924 enirn·

600 1944 790 1980 intervallo
815 1957 837 1981 a
866 1950 1037 1981 contactu
1063 1945 1274 1980 inferiorum
1301 1945 1483 1980 abductus
1505 1940 1572 1987 at,
1597 1957 1709 1991 quam
1735 1950 1777 1981 ut
1803 1945 1876 1980 ulla

600 2003 655 2038 vis
686 2003 799 2038 noxia
826 2014 941 2049 usque
968 2003 1014 2038 ad
1041 2003 1143 2038 illum
1169 2003 1263 2038 vires
1292 2014 1376 2038 suas
1401 1994 1568 2050 perferat.
1591 2029 1602 2037 .
1624 2029 1634 2038 .
1655 2028 1664 2037 .
1689 2003 1876 2049 Quicquid

601 2056 677 2108 [fit]
720 2059 757 2095 in
797 2060 1001 2107 sapientem
1043 2065 1222 2107 proterve,
1263 2060 1481 2106 petulanter,
1521 2066 1702 2108 proterve,
1743 2060 1877 2097 frustra

601 2116 826 2163 temptatur!

650 2175 899 2216 ‘fflvidamuffi
917 2176 947 2210 si
972 2175 1038 2211 tibi
1064 2176 1216 2218 videtur,
1236 2175 1381 2217 Serene,
1399 2176 1567 2221 injuriam
1594 2187 1616 2210 a
1643 2176 1877 2213 contumelia.

604 2232 706 2269 Prior
728 2233 790 2268 illa
812 2238 941 2269 natura
963 2233 1108 2279 gravior
1132 2239 1199 2275 est,
1222 2232 1314 2269 haec
1339 2233 1452 2269 levior
1476 2239 1514 2268 et
1541 2238 1685 2269 tantum
1712 2233 1876 2270 delicatis

600 2291 732 2338 gravis,
756 2302 828 2337 qua
856 2302 927 2326 non
952 2291 1148 2337 laeduntur
1172 2289 1339 2325 homines
1367 2291 1432 2324 sed
1458 2289 1703 2327 offenduntur.
1753 2291 1878 2328 Tanta

601 2354 657 2384 est
681 2354 806 2384 tamen
835 2341 1041 2389 animmm
1072 2347 1265 2383 dissolutio
1294 2353 1333 2383 et
1356 2348 1509 2390 vanitas,
1534 2353 1575 2382 ut
1605 2349 1756 2393 quidam
1787 2348 1877 2383 nihil

600 2407 766 2443 acerbius
800 2411 954 2451 putent:
997 2406 1046 2440 sic
1083 2404 1243 2441 invenies
1283 2416 1427 2441 servum
1471 2404 1534 2451 qui
1570 2404 1725 2451 flagellis
1765 2417 1878 2452 quam

601 2463 767 2510 colaphis
792 2463 895 2498 caedi
923 2462 1034 2504 malit,
1052 2469 1088 2499 et
1112 2463 1176 2509 qui
1203 2469 1369 2499 mortem·
1386 2473 1430 2498 ac
1452 2463 1605 2498 verbera
1629 2462 1878 2500 tolerabiliora

601 2521 726 2556 credat
755 2531 866 2567 quam
897 2520 1161 2556 contumeliosa
1191 2520 1313 2556 verba.
1363 2520 1427 2555 Ad
1458 2526 1582 2555 tantas
1604 2515 1769 2567 'ineptias
1797 2532 1879 2568 per-

602 2583 750 2614 ventum
790 2583 855 2621 est,
888 2583 928 2613 ut
967 2589 1039 2612 non
1077 2578 1205 2613 dolore
1243 2582 1385 2613 tantum
1427 2579 1494 2613 sed
1530 2577 1665 2613 doloris
1706 2579 1879 2624 opinione

600 2634 812 2679 vexemur¹‚
839 2646 939 2671 more
965 2629 1172 2680 puerorum,
1199 2635 1330 2680 quibus
1356 2640 1494 2670 metum
1523 2635 1653 2671 incutit
1683 2636 1813 2671 umbra
1841 2642 1879 2672 et

604 2704 839 2740 personarum
863 2691 1077 2729 deformitas
1101 2698 1139 2728 et
1163 2693 1363 2738 depravata
1390 2692 1509 2727 facies.
1532 2718 1541 2729 .
1563 2718 1570 2728 .
1594 2720 1605 2729 η.
1634 2693 1769 2738 injuria
1794 2704 1879 2738 pro·

604 2752 766 2796 positum
802 2751 872 2786 hoc
901 2751 1019 2786 ‚habet
1057 2750 1219 2796 aliquem
1261 2750 1359 2785 malo
1399 2751 1552 2786 afficere.
1612 2750 1714 2786 Malo
1754 2757 1878 2801 autem

604 2810 786 2854 sapientia
815 2820 886 2848 non
917 2806 1086 2854 relinquit
1117 2807 1250 2843 locum.
1305 2809 1430 2844 Unum
1456 2809 1554 2843 enim
1585 2809 1634 2843 illi
1661 2808 1796 2844 malum
1823 2815 1878 2844 est

605 2866 795 2912 turpitudo
810 2865 950 2904 peccati
961 2864 986 2908 ²,
996 2877 1090 2911 quae
1101 2866 1236 2901 intrare
1255 2877 1301 2901 eo
1312 2865 1374 2901 ubi
1387 2865 1464 2911 jam
1478 2865 1593 2902 virtus
1607 2865 1879 2913 honestumque

787 2932 795 2948 ¹
816 2940 970 2965 versemur,
987 2931 1070 2959 ΗΕΒ.
1379 2932 1390 2948 ⁸
1409 2932 1530 2966 peccati.
1543 2932 1594 2960 ins.
1610 2932 1697 2961 HSS.
