2350 3580
616 492 684 536 476
911 491 1010 525 MUL
1016 490 1198 524 TIPLICA
1205 491 1235 523 Τ
1232 489 1283 523 10
1309 488 1590 523 SPECIERUM.

616 582 713 617 enim
735 581 909 618 distantia
928 581 1007 627 ejus
1027 591 1049 616 a
1065 579 1299 616 verticatione
1321 580 1453 626 capitis
1474 584 1572 615 esset
1587 578 1662 615 Ista
1682 590 1787 625 quae
1806 584 1901 615 esset

619 640 767 675 inventa
789 650 855 685 per
876 639 1212 685 computationem3
1236 637 1301 684 sed
1321 648 1395 673 non
1418 642 1474 673 est
1494 637 1567 681 ita;
1592 648 1685 682 ergo
1701 637 1777 672 lux
1794 636 1902 673 lunae

619 707 693 732 non
711 696 924 732 extenditur
939 707 962 732 a
978 696 1081 732 coelo
1104 696 1153 732 ad
1170 706 1293 732 aerem
1319 706 1384 741 per
1401 695 1514 732 lineas
1530 700 1671 738 rectas;
1700 706 1823 741 quare
1839 706 1904 742 per

621 753 846 790 fractionem.
897 753 948 790 Et
979 765 1053 800 qua
1086 754 1226 788 ratione
1259 753 1306 788 de
1338 752 1473 788 lumine
1501 752 1619 796 lunae,
1646 752 1826 788 similiter
1856 752 1903 787 de

619 811 758 847 lumine
770 811 922 847 aliarum
932 811 1120 847 stellarum
1133 825 1143 853 ς
1159 816 1197 846 et
1208 811 1291 847 ideo
1301 815 1447 856 oportet
1459 810 1558 856 quod
1572 810 1717 856 species
1730 810 1902 845 omnium

619 868 808 905 stellarum
838 868 1065 914 frangantur,
1090 873 1127 903 et
1143 868 1203 904 'sic
1233 873 1336 914 patet
1365 868 1464 913 quod
1492 867 1619 903 fractio
1650 867 1796 903 debeat
1825 878 1904 903 ease

619 927 785 962 omnium
819 927 1003 962 radiorum
1036 926 1249 962 coelestium
1290 926 1326 961 in
1359 924 1549 971 superficie
1583 925 1681 970 ignis
1719 925 1791 970 qui
1831 935 1903 959 non

620 985 757 1020 cadunt
778 983 1122 1030 perpendiculariter
1136 994 1245 1030 super
1261 994 1392 1029 corpus
1409 983 1514 1029 ignis.

433 1043 589 1072 Proofum
669 1041 781 1088 Quod
814 1046 938 1077 autem
971 1041 1062 1077 haec
1094 1041 1223 1077 fractio
1261 1040 1308 1077 sit
1341 1047 1490 1087 propter
1527 1039 1728 1076 transitum
1764 1040 1903 1087 speciei

434 1081 464 1108 in
479 1079 608 1108 tuumne

437 1116 484 1144 the
497 1116 596 1144 nrm,
622 1110 644 1134 a
668 1099 852 1135 subtiliori
879 1099 915 1134 in
935 1100 1084 1135 densius
1106 1110 1232 1134 versus
1254 1097 1593 1144 perpendicularem
1616 1097 1818 1133 declarant
1841 1108 1905 1143 per

435 1153 494 1181 ’ἰοῦ
506 1152 608 1180 Μωω
622 1156 702 1198 hoc,
731 1156 831 1203 quod
863 1156 1018 1192 circulus
1045 1157 1298 1202 aequidistans
1327 1155 1585 1203 aequinoctiali
1617 1156 1811 1191 transiens
1842 1166 1906 1201 per

435 1197 495 1217 rare
504 1192 536 1217 to

436 1225 528 1253 dense.

445 2481 493 2510 No
504 2481 604 2510 refrac-

444 2519 503 2546 tion
517 2517 588 2546 from

445 2555 542 2591 :phere
553 2553 587 2582 of

445 2591 494 2619 ᾗτε
507 2595 537 2619 to
548 2590 609 2618 that

445 2627 479 2655 of
493 2627 543 2655 nir.

623 1213 776 1256 stellam,
793 1214 943 1260 quando
964 1215 1064 1250 venit
1083 1214 1130 1249 ad
1156 1214 1330 1249 circulum
1357 1214 1521 1250 meridiei
1546 1219 1584 1250 et
1604 1212 1731 1249 zen‘ith
1759 1213 1906 1258 capitis,

622 1277 678 1308 est
702 1283 787 1307 vere
811 1271 1007 1317 designans
1034 1271 1153 1308 locum
1182 1270 1319 1313 stellae,
1343 1277 1381 1307 et
1410 1277 1466 1307 est
1494 1271 1531 1306 in
1559 1281 1635 1315 quo
1664 1269 1906 1306 deserebatur

623 1328 730 1365 stella
774 1340 798 1364 a
838 1329 1018 1375 principio
1059 1329 1178 1366 noctis
1218 1340 1411 1375 quousque
1452 1329 1591 1364 veniret
1630 1328 1679 1363 ad
1723 1327 1904 1362 circulum

623 1386 810 1430 meridiei;
843 1388 1018 1433 quoniam
1047 1388 1146 1422 visus
1174 1391 1262 1422 tunc
1294 1386 1572 1432 comprehendit
1601 1384 1749 1421 stellam
1783 1391 1904 1428 recte;

624 1445 712 1490 quia
733 1444 830 1480 linea
848 1450 1002 1480 extensa
1020 1455 1044 1480 a
1063 1445 1143 1480 visu
1165 1445 1213 1480 ad
1236 1444 1359 1480 zenith
1379 1448 1435 1479 est
1457 1442 1773 1490 perpendicularis
1793 1453 1907 1489 super

625 1512 758 1548 corpus
782 1501 874 1537 coeli
904 1506 943 1537 et
970 1512 1103 1548 corpus
1128 1502 1234 1548 ignis,
1261 1507 1302 1537 ut
1326 1507 1464 1538 certum
1489 1506 1555 1543 est,
1579 1505 1617 1536 et
1642 1505 1805 1546 uterque
1833 1499 1904 1535 hoc

624 1560 762 1602 dicunt,
797 1558 1027 1595 Ptolemaeus
1059 1565 1096 1595 et
1130 1558 1309 1595 Alhazen.
1359 1558 1454 1595 Cum
1495 1569 1583 1605 ergo
1619 1556 1729 1593 stella
1768 1562 1829 1593 eet
1868 1557 1904 1592 in

624 1616 861 1652 verticatione
885 1616 1014 1662 capitis
1039 1622 1077 1653 et
1102 1616 1140 1652 in
1164 1617 1299 1652 circulo
1326 1616 1468 1662 majori,
1489 1616 1553 1662 qui
1578 1615 1785 1651 secundum
1812 1615 1904 1650 veri-

626 1680 742 1710 tatem
772 1680 828 1710 est
856 1674 1012 1710 circulus
1036 1674 1129 1720 ejus,
1153 1679 1241 1711 tunc
1269 1675 1410 1720 species
1439 1674 1586 1709 radiosa
1614 1683 1688 1708 non
1713 1672 1906 1719 frangitur,

625 1732 712 1778 quia
741 1731 1049 1778 perpendicularis
1082 1743 1155 1767 non
1190 1731 1378 1779 frangitur.
1429 1730 1506 1767 Sed
1537 1742 1622 1767 cum
1654 1735 1839 1776 appareat
1868 1730 1904 1764 in

626 1790 787 1837 circulis·
805 1789 1006 1825 minoribus
1038 1801 1163 1826 versus
1196 1790 1434 1832 horizontem,
1462 1794 1500 1825 et
1535 1789 1571 1824 in
1603 1787 1804 1823 horizonte
1836 1787 1905 1823 erit

626 1847 831 1883 necessario
856 1847 995 1893 fractio,
1017 1853 1058 1883 ut
1083 1848 1183 1894 prius
1208 1848 1405 1893 probatum
1430 1853 1495 1890 oet,
1521 1851 1558 1882 et
1583 1846 1770 1882 videbitur
1796 1845 1906 1881 stella

628 1916 695 1951 per
718 1904 830 1940 lineas
856 1904 999 1949 fractas,
1015 1906 1103 1951 quia
1118 1911 1205 1941 tunc
1223 1905 1313 1941 radii
1331 1906 1467 1941 cadunt
1487 1905 1536 1940 ad
1559 1903 1714 1949 angulos
1731 1902 1905 1948 obliquos

628 1973 737 2008 super
754 1963 927 2011 sphaeras
944 1963 1207 1999 elementorum
1223 1974 1232 2005 ;
1258 1963 1323 1998 sed
1339 1962 1527 2008 quaelibet
1544 1961 1687 1997 illarum
1706 1960 1904 1996 fractarum

628 2019 789 2056 declinat
813 2022 860 2057 ad
886 2021 1107 2057 diametrum
1134 2021 1272 2063 mundi,
1296 2021 1360 2067 qui
1386 2020 1463 2055 exit
1488 2031 1510 2054 a
1541 2024 1677 2066 puncto
1702 2017 1906 2059 fractionis,

629 2079 723 2114 sicut
751 2079 886 2114 docent
917 2079 1149 2114 Ptolemaeus
1177 2084 1216 2114 et
1239 2078 1407 2114 Alhazen
1438 2076 1715 2123 figurationibus
1741 2076 1907 2117 diversis,

629 2141 667 2172 et
689 2136 749 2172 hic
771 2136 949 2171 diameter
972 2141 1029 2172 est
1052 2135 1360 2183 perpendicularis
1385 2146 1493 2181 super
1515 2134 1784 2170 concavitatem
1813 2133 1906 2169 coeli

631 2199 668 2229 et
691 2195 964 2230 convexitatem
988 2195 1165 2240 sphaerae
1191 2194 1308 2240 ignis;
1334 2199 1559 2240 quapropter
1580 2192 1709 2228 fractio
1736 2191 1830 2227 haec
1852 2198 1907 2226 est

629 2253 830 2287 secundum
853 2252 972 2297 legem
998 2253 1158 2288 incessus
1177 2263 1199 2287 a
1221 2252 1402 2287 subtiliori
1424 2251 1459 2286 in
1483 2250 1631 2286 densius
1653 2259 1718 2295 per
1741 2249 1907 2285 declina-

632 2310 769 2346 tionem
797 2310 845 2345 ad
879 2309 1224 2356 perpendicularem,
1260 2314 1301 2344 ut
1334 2309 1444 2344 cadat
1477 2308 1614 2355 species
1654 2306 1771 2342 fracta
1812 2308 1909 2342 inter

632 2368 810 2403 incessum
837 2373 976 2404 rectum
1001 2373 1040 2403 et
1064 2366 1402 2414 perpendicularem
1426 2366 1632 2403 ducendam
1656 2375 1679 2400 a
1702 2364 1788 2400 loco
1814 2365 1908 2401 frac-

632 2425 752 2469 tionis,
767 2425 830 2471 qui
847 2431 902 2461 est
921 2425 1047 2461 mundi
1064 2425 1243 2461 diameter
1259 2425 1295 2461 in
1314 2425 1385 2461 hac
1402 2430 1514 2471 parte.

682 2482 891 2519 Secundum
925 2489 1050 2519 autem
1082 2482 1333 2520 Ptolemaeum
1368 2488 1406 2518 et
1436 2481 1601 2517 Alhazen
1630 2485 1779 2526 oportet
1813 2481 1908 2517 scire

632 2542 795 2576 secundo
825 2541 925 2586 quod
952 2552 1025 2576 non
1047 2540 1088 2576 fit
1114 2540 1242 2576 fractio
1268 2541 1304 2575 in
1328 2539 1520 2586 superficie
1544 2540 1650 2581 aeris,
1666 2538 1728 2585 qui
1756 2539 1910 2584 proprie

632 2599 765 2634 dicitur
774 2609 846 2642 aer,
853 2599 1054 2634 secundum
1063 2599 1164 2644 quod
1173 2598 1428 2645 distinguimus
1442 2608 1562 2632 aerem
1573 2597 1622 2632 ab
1633 2596 1727 2643 igne.
1736 2607 1820 2632 cum
1831 2607 1908 2632 non

632 2656 836 2692 inveniatur
848 2656 970 2702 aliqua
982 2656 1177 2692 diversitas
1193 2662 1364 2702 aspectus
1380 2655 1492 2691 nostri
1511 2654 1650 2691 causari
1669 2653 1739 2689 nisi
1757 2661 1912 2701 propter

631 2714 773 2749 unicam
789 2713 1002 2750 fractionem
1015 2715 1218 2761 specierum
1231 2713 1452 2749 venientium
1465 2724 1488 2749 a
1503 2712 1619 2749 stellis
1632 2723 1698 2759 per
1709 2711 1910 2758 sphaeram
