2350 3580
649 730 1010 765 PERsPEcTwAE
1034 730 1165 765 PARS
1190 730 1346 765 mmm
1358 742 1371 764 .·
1410 732 1533 766 DIST.
1559 732 1588 766 1.
1716 741 1756 766 ιι

480 821 685 858 onustatus
698 821 810 868 longe
823 831 938 868 quam
953 821 1038 865 alii3
1069 821 1173 868 quod
1191 820 1426 858 manifestum
1450 826 1517 864 est,
1534 822 1623 868 quia
1638 834 1759 870 pauca

481 878 539 913 vel
557 878 659 915 nulla
675 878 791 916 habet
804 879 987 916 vocabula
1005 879 1161 916 aliarum
1182 879 1402 926 linguarum,
1415 880 1483 916 sed
1500 879 1561 916 alii
1577 879 1658 926 ejus
1674 879 1759 916 libri

480 936 620 972 habent
636 937 791 983 infinita.
831 937 873 975 si
890 938 974 983 quis
990 948 1078 974 vero
1093 938 1301 975 consideret
1316 938 1521 983 praedicta,
1536 948 1684 975 necesse
1701 943 1757 976 est

481 1005 620 1039 ponere
644 1000 720 1031 tres
740 995 896 1031 virtutes
918 995 1069 1031 omnino
1093 995 1265 1038 diversas,
1280 996 1482 1031 secundum
1500 1001 1574 1032 tres
1595 995 1758 1032 cellulas.

482 1051 582 1087 Nam
611 1052 806 1089 diversitas
832 1052 1064 1099 objectorum
1090 1053 1259 1089 ostendit
1282 1053 1388 1089 nobis
1412 1053 1664 1090 diversitatem
1687 1053 1757 1090 vir-

480 1114 612 1153 tutum.
670 1108 907 1146 Sensibilium
933 1110 1031 1146 enim
1060 1110 1138 1146 duo
1169 1114 1256 1146 sunt
1288 1121 1432 1157 genera,
1463 1110 1602 1147 scilieet
1643 1122 1756 1146 unum

479 1167 657 1210 exterius,
685 1173 727 1203 ut
761 1168 891 1213 viginti
919 1179 1052 1204 novem
1084 1169 1287 1214 praedicta,
1318 1168 1422 1204 aliud
1454 1169 1605 1204 interius
1638 1168 1758 1204 latens

478 1235 628 1261 sensum
667 1224 899 1268 atter-iorem,
932 1231 973 1261 ut
1009 1225 1169 1271 qualitas
1208 1225 1476 1271 complexionis
1513 1226 1667 1262 nocivae
1701 1226 1756 1262 vel

480 1281 591 1323 utilis,
615 1293 681 1319 sen
709 1283 829 1330 magis
862 1283 942 1329 ipsa
970 1289 1102 1319 natura
1128 1283 1381 1319 substantialis
1403 1283 1503 1320 utilis
1530 1283 1590 1319 vel
1615 1283 1756 1320 nociva.

481 1339 532 1375 Et
548 1340 635 1376 ideo
646 1346 795 1386 oportet
810 1341 1017 1376 necessario
1031 1341 1134 1386 quod
1151 1352 1201 1376 ex
1214 1341 1284 1376 hae
1299 1351 1411 1376 musa
1425 1347 1515 1378 sunt
1530 1341 1607 1376 duo
1622 1352 1758 1389 genera

477 1408 664 1441 sensuum.
680 1399 819 1434 scilieet
836 1410 950 1435 unum
979 1399 1082 1445 quod
1109 1399 1274 1435 continet
1298 1410 1426 1434 sensus
1453 1399 1690 1445 particulares
1717 1404 1756 1435 et

477 1466 628 1491 sensum
652 1467 887 1493 comunem
918 1462 957 1492 et
992 1456 1305 1502 imaginationem,
1338 1466 1434 1503 quae
1464 1464 1659 1493 moventur
1693 1468 1759 1503 per

479 1514 637 1558 primum
651 1525 770 1561 genus
785 1514 978 1551 sensibile:
1003 1520 1041 1550 et
1052 1514 1154 1551 aliud
1171 1514 1273 1561 quod
1290 1515 1454 1551 continet
1466 1514 1756 1551 aestimationem

477 1577 517 1606 et
547 1572 772 1615 memoriam,
799 1583 898 1618 quae
925 1572 1092 1608 feruntur
1120 1572 1158 1607 in
1191 1572 1392 1608 secundum
1426 1583 1545 1618 genus
1575 1572 1755 1609 sensibile.

479 1630 556 1665 Sed
573 1635 725 1676 propter
748 1630 1004 1676 operationum
1022 1630 1253 1666 nobilitatem
1277 1641 1391 1675 quam
1416 1630 1530 1666 habet
1557 1631 1756 1677 cogitativa

479 1694 645 1734 respectu
669 1687 835 1730 aliarum,
850 1687 934 1724 ideo
950 1687 1190 1734 distinguitur
1210 1687 1260 1723 ab
1274 1687 1364 1724 aliis.
1412 1687 1530 1733 Apud
1547 1687 1755 1725 translatio·

478 1755 563 1781 nem
579 1756 669 1792 ergo
686 1745 900 1782 Aristotelis
916 1745 1107 1791 vulgatam
1122 1751 1279 1782 vocatur
1294 1745 1413 1782 omnis
1429 1745 1544 1786 virtus
1565 1747 1754 1790 memoria,

477 1814 575 1847 quae
606 1803 721 1838 hahet
749 1808 972 1849 potestatem
1000 1803 1183 1839 retinendi
1211 1803 1362 1850 species,
1389 1808 1427 1838 et
1454 1803 1538 1838 ideo
1563 1809 1642 1839 tam
1670 1815 1755 1840 arca

476 1872 607 1896 sensus
630 1860 836 1898 communis
858 1872 971 1907 quam
997 1860 1261 1897 aestimationis
1276 1861 1482 1897 seeundum
1506 1860 1577 1897 hoc
1603 1867 1755 1897 vomtur

478 1918 665 1955 memoria.
715 1918 767 1954 Et
795 1919 879 1955 ideo
901 1918 1005 1965 quod
1029 1918 1090 1955 hic
1105 1924 1260 1955 vocatur
1275 1918 1502 1965 imaginatio,
1516 1918 1754 1966 comprehen-

476 1976 578 2012 ditur
592 1976 662 2012 sub
679 1977 853 2012 memoria
869 1977 970 2023 apud
986 1976 1264 2012 translationem
1283 1975 1496 2011 Aristotelis
1521 1987 1618 2023 qnae
1632 1985 1689 2014 est
1716 1978 1754 2013 in

477 2045 546 2069 usu
571 2034 686 2080 vulgi.
751 2034 828 2070 Sed
850 2034 1094 2080 proculdubio
1117 2039 1264 2080 oportet
1289 2039 1379 2070 tune
1393 2034 1496 2080 quod
1514 2035 1689 2070 memoria
1705 2035 1755 2070 sit

477 2091 619 2138 duplex
641 2098 680 2128 et
702 2091 811 2128 valde
835 2093 990 2136 diversa,
1017 2091 1070 2127 ita
1092 2092 1196 2138 quod
1217 2101 1291 2126 una
1308 2091 1378 2127 erit
1397 2102 1482 2127 arca
1502 2102 1632 2128 sensus
1653 2103 1753 2128 com-

476 2149 599 2186 munis
630 2155 668 2185 et
704 2149 775 2186 alia
812 2149 1098 2192 aestimationis3
1139 2155 1177 2186 et
1211 2155 1316 2186 erunt
1349 2149 1515 2185 diversae
1550 2150 1753 2186 secundum

475 2208 636 2253 speciem
651 2212 690 2242 et
706 2207 910 2242 secundum
927 2207 1134 2253 subjectum
1161 2211 1200 2242 et
1222 2218 1403 2253 organum
1429 2212 1467 2242 et
1492 2208 1751 2253 operationem.

476 2265 529 2300 Et
556 2276 640 2301 cum
666 2265 746 2311 jam
771 2266 917 2311 positae
944 2266 1018 2300 sint
1051 2265 1144 2300 istae
1174 2265 1328 2301 virtute·
1361 2265 1400 2300 in
1431 2265 1590 2309 cerebro,
1620 2265 1752 2302 intelli·

475 2322 637 2369 gendum
655 2328 722 2367 est,
738 2322 841 2369 quod
857 2322 1063 2359 substantia
1085 2322 1226 2358 cerebri
1244 2322 1455 2358 medullaris
1475 2333 1549 2359 non
1568 2323 1689 2364 sentit,
1710 2328 1753 2359 ut

474 2381 668 2418 Avicenna
691 2381 802 2417 docet
826 2380 973 2417 decimo
993 2381 1042 2417 de
1067 2379 1328 2423 Animalibus;
1352 2386 1391 2416 et
1416 2381 1453 2416 in
1483 2380 1554 2417 hoe
1579 2380 1753 2428 corrigit¹

474 2438 715 2475 Aristotelem
732 2440 796 2484 pia
812 2439 1115 2484 interpretatione
1130 2443 1169 2474 et
1186 2438 1399 2474 reverenda·

524 2495 624 2533 Nam
645 2495 808 2532 medulla
829 2497 867 2532 in
890 2496 970 2531 aliis
993 2496 1082 2533 locis
1107 2496 1271 2543 corporis
1293 2507 1441 2540 sensum
1465 2507 1542 2532 non
1565 2496 1689 2541 habet,
1714 2503 1753 2534 et
1767 2504 1895 2533 Relnuou
1910 2506 1945 2533 of

474 2554 560 2591 ideo
591 2564 659 2590 nec
689 2554 761 2590 hic.
821 2553 898 2591 Sed
927 2559 983 2590 est
1008 2564 1074 2590 vas
1101 2560 1139 2590 et
1163 2564 1250 2590 arca
1282 2554 1458 2590 virtutum
1487 2555 1751 2599 sensitiva-um,
1766 2541 1911 2605 ffi‘nd

473 2611 666 2647 continens
682 2622 814 2647 nervos
830 2610 985 2646 subtiles
1003 2612 1039 2646 in
1054 2611 1192 2657 quibus
1211 2622 1340 2646 sensus
1355 2617 1395 2646 et
1411 2611 1551 2659 species
1566 2612 1754 2658 sensibiles

474 2669 690 2705 consistunt„
726 2669 801 2705 Sed
814 2670 1121 2705 considerandum
1132 2674 1202 2713 est,
1212 2673 1254 2704 ut
1264 2669 1383 2704 omnis
1395 2669 1547 2704 tollatur
1558 2671 1755 2714 dubitatio,

473 2726 576 2773 quod
610 2726 735 2763 anima
757 2726 930 2763 sensitiva
954 2726 1068 2763 habet
1094 2726 1236 2773 duplex
1262 2726 1547 2763 instrumentum
1574 2739 1638 2764 seu
1665 2729 1753 2764 sub·

470 2784 628 2831 jectum:
651 2795 766 2820 unum
781 2790 838 2820 est
856 2784 1014 2820 radioele
1030 2790 1069 2820 et
1086 2784 1236 2826 fontale,
1252 2790 1290 2820 et
1303 2784 1372 2820 hoc
1389 2790 1449 2820 est
1463 2796 1535 2826 cor,
1547 2785 1751 2822 secundum

509 2875 520 2893 ¹
536 2875 676 2904 Aristone
687 2884 749 2904 πυ
759 2884 857 2903 amre
869 2876 930 2904 thet
942 2875 991 2903 the
1002 2876 1157 2904 substance
1170 2876 1205 2903 ol*
1220 2876 1270 2903 the
1288 2876 1370 2904 brein
1383 2884 1445 2904 was
1463 2881 1515 2904 not
1528 2877 1678 2905 sensitive.
1717 2877 1751 2905 ln

474 2918 721 2954 DeAubuabeus,
732 2920 781 2948 lib.
793 2920 832 2947 iii.
844 2928 907 2955 esp.
923 2927 966 2955 19,
981 2921 1019 2947 be
1037 2920 1182 2948 remarks:
1199 2921 1251 2947 ab·
1267 2920 1329 2955 ἔχει
1347 2920 1370 2946 δ’
1387 2919 1514 2955 αἴσθησιν
1531 2919 1565 2946 τὸ
1583 2921 1649 2955 αἷμα
1669 2919 1754 2948 isn-

470 2962 582 2998 nim.
597 2962 1598 3008 ..οὖ”ἣόὴαῦφιιψ,οὔδ’ὀμκλὼοόκῐχσιαἴσθησινόπομέηπ.
