2350 3580
381 361 1507 525 -

589 708 953 743 PERSPECTIVAE
978 709 1107 742 PARS
1139 709 1385 743 SECUNDA:
1423 710 1545 744 DIST.
1575 710 1642 744 ΙΙΙ.
1689 719 1753 751 129

475 795 597 832 varias
618 801 786 833 texturas
809 797 1063 844 geometricas,
1081 802 1122 833 ut
1147 808 1295 833 muscae
1320 797 1550 834 involvantur
1574 799 1622 834 de
1645 797 1752 834 sacili.

479 852 532 889 Et
565 853 672 900 lupus
705 854 857 890 devorat
886 860 1019 890 terram
1050 859 1091 889 ut
1119 854 1168 891 sit
1200 855 1440 902 ponderosior
1472 856 1622 902 quando
1654 856 1752 902 capit

476 921 614 957 equum
648 911 704 947 vel
738 917 883 947 taurum
916 911 975 947 vel
1007 923 1153 948 cervum
1187 924 1253 958 per
1293 924 1407 956 nares,
1441 918 1482 949 ut
1514 914 1549 948 vi
1582 913 1753 959 ponderis

478 969 660 1004 terrestris
676 969 816 1005 facilius
836 969 1019 1016 deprimat
1036 969 1168 1006 animal
1186 975 1298 1016 atque
1315 970 1488 1006 detineat.
1536 970 1667 1016 Atque
1679 969 1753 1006 vidi

479 1025 696 1073 mun’legum
730 1027 793 1073 qui
825 1027 1045 1063 desideravit
1078 1028 1197 1074 pisces
1230 1032 1398 1063 natantes
1430 1028 1467 1063 in
1504 1039 1640 1074 magno
1667 1037 1754 1063 vase

479 1082 638 1128 lapideo,
657 1089 695 1119 et
710 1095 795 1121 cum
817 1096 891 1120 non
912 1085 1032 1131 potuit
1056 1091 1206 1132 propter
1226 1096 1360 1131 aquam
1386 1085 1660 1132 deprehendere
1681 1096 1754 1128 eoS,

478 1141 664 1178 abstraxit
685 1142 917 1188 clepsydram
934 1148 972 1179 et
989 1143 1144 1178 deduxit
1167 1153 1303 1188 aquam
1320 1143 1438 1178 donec
1454 1154 1520 1178 vas
1536 1142 1754 1185 siccabatur,

479 1202 523 1232 ut
547 1197 584 1231 in
605 1197 702 1233 sicco
720 1199 838 1243 pisces
860 1203 1018 1244 caperet.
1072 1197 1181 1234 Plura
1200 1209 1290 1244 ergo
1310 1208 1423 1245 opera
1444 1197 1504 1234 hic
1525 1198 1693 1244 concepit
1713 1204 1755 1233 ut

479 1252 593 1289 finem
618 1254 798 1291 intentum
825 1255 988 1292 haberet.
1040 1256 1091 1291 Et
1114 1256 1197 1301 apis
1224 1255 1310 1291 facit
1335 1267 1464 1291 omnes
1488 1252 1620 1291 domos
1641 1255 1757 1290 hexa-

479 1322 608 1357 gonas,
624 1312 764 1359 eligens
786 1324 896 1349 unam
921 1314 969 1349 de
986 1313 1112 1359 figuris
1133 1312 1360 1359 replentibus
1383 1312 1503 1348 locum
1529 1324 1575 1348 ne
1595 1313 1756 1359 spatium

479 1380 636 1404 vacuum
666 1370 763 1406 inter
790 1370 922 1406 domos
951 1370 1195 1417 relinquatur3
1225 1377 1264 1405 et
1295 1381 1367 1405 non
1391 1370 1471 1406 vult
1499 1371 1659 1417 spatium
1685 1370 1757 1406 hoc

479 1438 528 1462 ne
560 1426 669 1463 mella
697 1427 754 1463 vel
784 1426 874 1473 pulli
904 1429 1038 1464 cadant
1069 1434 1175 1464 extra
1204 1439 1294 1464 vasa
1326 1433 1364 1464 et
1394 1434 1554 1474 pereant.
1606 1428 1758 1473 Propter

479 1495 570 1531 ergo
586 1484 684 1520 hunc
709 1484 820 1520 finem
843 1485 907 1532 qui
929 1485 1152 1521 assimilatur
1172 1485 1396 1521 conclusioni
1423 1485 1540 1521 multa
1565 1484 1704 1531 colligit
1723 1486 1758 1520 in

479 1551 548 1575 sua
580 1541 805 1586 cogitatione
837 1552 932 1587 quae
964 1541 1173 1587 praemissis
1205 1540 1416 1576 similantur.
1468 1539 1518 1576 Et
1544 1541 1596 1576 sic
1625 1546 1680 1576 est
1713 1541 1760 1576 de

481 1596 645 1640 infinitis,
661 1597 697 1632 in
717 1599 851 1645 quibus
870 1597 979 1634 bruta
1003 1597 1177 1634 animalia
1193 1599 1359 1643 cogitant
1377 1597 1493 1633 multa
1510 1610 1576 1644 per
1592 1597 1758 1633 ordinem

482 1660 649 1701 respectu
676 1656 781 1691 unius
805 1656 853 1691 rei
880 1667 990 1701 quam
1017 1655 1227 1698 intendunt,
1251 1666 1294 1691 ac
1318 1656 1348 1691 si
1373 1660 1568 1702 arguerent
1592 1655 1692 1701 apud
1719 1666 1759 1691 se

481 1711 754 1749 conclusionem
771 1723 821 1748 ex
839 1713 1057 1758 praemissis.
1108 1712 1183 1748 Sed
1207 1713 1401 1748 decursum
1420 1724 1508 1748 suae
1525 1712 1760 1759 cogitationis

483 1781 555 1806 non
592 1770 794 1816 disponunt
837 1772 873 1805 in
917 1770 1031 1806 modo
1068 1776 1106 1806 et
1143 1769 1272 1815 figura,
1307 1781 1373 1805 nec
1409 1781 1458 1805 ex
1494 1770 1760 1805 deliberatione

482 1827 714 1875 distinguunt
741 1827 871 1864 ultima
897 1839 921 1864 a
946 1828 1083 1875 primis.
1144 1827 1227 1863 Nec
1251 1827 1456 1874 percipiunt
1481 1838 1520 1863 se
1546 1826 1759 1873 hujusmodi

481 1886 685 1921 discursum
703 1884 827 1928 facere,
845 1886 933 1931 quia
949 1897 997 1920 ex
1015 1885 1094 1921 solo
1118 1886 1249 1921 intuitu
1276 1889 1314 1920 et
1340 1885 1512 1921 instinctu
1537 1884 1691 1920 naturali
1708 1884 1760 1920 sic

482 1943 642 1979 decurrit
654 1943 830 1990 cogitatio
841 1954 978 1979 eorum.
1011 1943 1061 1979 Et
1073 1943 1133 1978 hic
1146 1943 1320 1979 decursus
1333 1947 1389 1978 est
1401 1942 1530 1977 similis
1542 1947 1760 1987 argumento

483 2007 522 2036 et
532 2000 759 2047 syllogismo,
769 2006 807 2035 et
818 2000 901 2035 ideo
914 2006 1083 2036 auctores
1095 2000 1348 2045 Perspectivae
1360 2005 1492 2035 vocant
1503 2005 1759 2044 argumentum

483 2064 523 2094 et
546 2058 815 2105 syllogismum.
867 2058 917 2094 Et
942 2064 1042 2094 certe
1062 2058 1179 2103 magis
1204 2058 1350 2103 proprie
1375 2056 1469 2092 hanc
1494 2057 1757 2102 cogitationem

482 2121 620 2151 vocant
663 2115 936 2162 syllogisticam,
971 2126 1083 2161 quam
1125 2115 1394 2150 distinctionem
1429 2111 1687 2149 universalium
1722 2119 1759 2149 et

484 2172 756 2220 particularium
773 2173 871 2219 prius
880 2173 1038 2208 visorum
1052 2178 1187 2208 vocant
1201 2173 1446 2219 cognitionem
1459 2183 1524 2218 per
1536 2171 1726 2207 scientiam
1735 2170 1760 2207 ¹.

522 2271 531 2288 ¹
554 2271 579 2299 lt
597 2271 658 2299 will
675 2271 712 2298 be
731 2280 802 2298 seen
822 2272 884 2299 that
907 2280 946 2299 no
968 2275 1088 2306 attempt
1114 2271 1139 2298 is
1160 2271 1243 2298 made
1262 2271 1291 2297 in
1311 2271 1369 2298 this
1393 2279 1514 2305 passage
1540 2275 1570 2297 to
1588 2270 1759 2305 distinguish

486 2314 621 2341 between
647 2313 810 2341 instinctive
841 2321 992 2348 processes
1016 2313 1072 2339 like
1097 2312 1305 2346 nest-building
1328 2321 1363 2339 or
1387 2312 1601 2345 hive-building.
1628 2312 1684 2338 and
1710 2312 1759 2339 the

485 2353 654 2382 intentioual
667 2353 830 2388 adaptation
843 2353 877 2381 of
885 2361 984 2381 means
998 2357 1028 2380 to
1041 2353 1113 2381 ends
1127 2352 1160 2381 of
1168 2353 1264 2380 which
1278 2352 1375 2382 Bacon
1390 2352 1470 2386 gives
1484 2352 1594 2379 several
1605 2353 1759 2379 instances.

483 2396 530 2424 Cf.
544 2397 595 2423 the
608 2396 777 2423 nineteenth
791 2396 912 2430 chapter
924 2395 957 2422 os
968 2393 1121 2422 Romanes’
1133 2395 1215 2422 work
1229 2403 1266 2422 on
1279 2394 1388 2421 Mento!
1398 2393 1547 2421 Evolutxon
1560 2394 1588 2420 ιή
1602 2394 1630 2420 A
1634 2394 1745 2421 nimals.
