2350 3580
388 2712 490 2754 Remed
496 2714 534 2741 ies

386 2754 496 2784 uginus(

385 2794 477 2820 anger.

573 729 640 765 294
808 720 982 755 OPERIS
1007 720 1219 760 MAJORIS
1242 720 1371 756 PARS
1395 720 1618 755 SEPTIMA.

555 842 560 846 .
573 817 610 847 et
622 821 810 858 perversus
827 810 991 848 moribus
1008 810 1128 856 suerin
1141 810 1276 854 tar‘nen.
1289 817 1331 848 ut
1343 811 1396 848 ait
1410 810 1554 848 Seneca
1566 811 1728 848 secundo
1741 810 1848 851 libro,

575 871 678 904 ‘cum
696 868 843 916 legisset
866 868 1060 915 epistotam
1084 870 1212 905 matris
1233 880 1308 916 qua
1326 868 1594 905 admonebatur
1608 874 1649 904 ut
1667 880 1689 904 a
1705 879 1850 903 veneno

575 924 731 972 Philippi
763 926 895 962 medici
922 931 1077 968 caveret,
1101 933 1292 975 acceptam
1326 927 1514 973 potionem
1548 937 1622 962 non
1655 926 1850 962 deterritus

575 982 677 1019 bibit.
728 983 814 1027 Plus
841 983 909 1020 sibi
936 984 983 1020 de
1007 985 1127 1021 amico
1150 996 1221 1020 suo
1244 985 1409 1021 credidit.
1458 983 1543 1020 Hoc
1569 995 1640 1030 ego
1665 983 1701 1019 iu
1727 982 1851 1019 Alex·

574 1041 690 1077 andro
722 1040 846 1082 laudo.
875 1041 963 1088 quia
994 1053 1105 1078 nemo
1132 1048 1212 1078 tam
1245 1042 1430 1084 obnoxius
1461 1041 1535 1078 irae
1567 1040 1647 1077 fuit.
1696 1040 1850 1087 Quanto

576 1098 690 1143 major
708 1099 914 1142 moderatio
932 1099 969 1134 in
986 1100 1134 1145 regibus
1151 1099 1223 1134 hoc
1238 1099 1425 1134 laudanda
1443 1100 1560 1144 magis
1576 1097 1655 1134 eet!
1705 1097 1852 1139 Seneca

574 1154 667 1192 libro
692 1157 801 1192 tertio
828 1153 914 1205 [ait]
941 1154 1218 1193 “Pisistratum²
1244 1155 1525 1192 Atheniensium
1550 1163 1748 1202 tyrannum
1774 1167 1852 1192 me·

561 1213 712 1251 «moriae
727 1214 903 1260 proditur,
917 1225 999 1250 cum
1014 1213 1130 1250 multa
1145 1214 1183 1250 in
1196 1214 1452 1250 crudelitatem
1466 1213 1545 1260 ejus
1561 1214 1685 1250 ebrius
1696 1213 1851 1250 conviva

575 1271 740 1312 dixisset.
751 1283 819 1308 nec
836 1272 1003 1308 deessent
1017 1272 1077 1319 qui
1097 1265 1232 1308 vellent
1245 1272 1276 1308 ei
1296 1283 1425 1308 manus
1441 1273 1688 1315 commodare,
1705 1279 1743 1308 et
1756 1271 1850 1307 alius

575 1328 659 1364 hinc
685 1334 721 1364 et
745 1328 839 1364 alius
862 1329 963 1365 illinc
988 1329 1085 1365 faces
1110 1329 1319 1372 subderent,
1343 1329 1490 1376 placido
1512 1330 1636 1365 animo
1658 1329 1787 1365 tulisse
1812 1334 1851 1364 et

575 1378 645 1422 hoi:
667 1385 890 1422 irritantibus
917 1388 1148 1433 respondisse
1170 1390 1272 1422 “non
1300 1387 1416 1433 tnagis
1439 1399 1478 1422 se
1501 1397 1712 1423 succensere
1735 1398 1850 1432 quam

575 1443 605 1477 si
630 1444 712 1489 quis
737 1444 908 1490 obligatis
941 1445 1058 1481 oculis
1082 1445 1120 1481 in
1143 1456 1184 1481 se
1209 1435 1482 1481 concurrissetl·
1497 1442 1505 1454 '
1557 1444 1703 1480 Marcus
1729 1443 1850 1480 Cat0¹

575 1501 775 1536 secundum
788 1498 968 1546 historias,
981 1503 1071 1538 nulli
1088 1502 1272 1538 secundus
1289 1502 1434 1545 virtute,
1448 1502 1484 1537 in
1501 1501 1683 1548 sapientia
1696 1512 1851 1547 magnus

576 1556 743 1605 princeps
769 1558 1032 1604 Romanorum,
1057 1572 1179 1606 quern,
1202 1566 1242 1595 ut
1271 1561 1360 1596 dicit
1386 1559 1527 1606 Seneca
1556 1561 1719 1596 secundo
1745 1558 1849 1600 libro,

575 1622 584 1634 ι
593 1616 857 1662 cum—ignorans
871 1617 908 1653 in
921 1617 1052 1654 balneo
1063 1618 1216 1665 quidam
1230 1617 1406 1664 percussit
1416 1617 1630 1664 imprudens
1641 1617 1738 1664 (quis
1752 1617 1850 1652 enim

575 1673 626 1709 ini
648 1674 765 1710 sciens
787 1674 921 1711 faceret
941 1675 1108 1721 injuriam
1120 1674 1150 1723 ?)
1168 1681 1299 1722 postea
1323 1675 1561 1711 satisfacienti
1585 1675 1712 1722 inquit,
1730 1677 1749 1694 ¹‘
1762 1674 1850 1721 Non

577 1732 726 1767 memini
748 1744 807 1768 me
824 1732 1083 1778 percussum’';
1108 1733 1241 1768 melius
1256 1733 1401 1780 putavit
1423 1743 1495 1768 non
1516 1743 1717 1778 agnoscere
1732 1743 1848 1778 quam

575 1789 779 1826 vindicare!
820 1790 885 1830 ,Et
906 1790 942 1826 in
968 1791 1077 1827 tertio
1101 1791 1194 1827 libro
1219 1791 1310 1827 dicit
1329 1790 1472 1826 ‘Multa
1496 1787 1603 1827 divus
1629 1789 1852 1836 Auguttus³

574 1847 686 1892 digna
710 1848 886 1883 memoria
902 1846 988 1884 fecit
1006 1848 1175 1894 dixitque
1192 1859 1241 1883 ex
1259 1847 1390 1894 quibus
1412 1854 1566 1894 apparet
1587 1848 1676 1884 iram
1702 1847 1752 1883 illi
1776 1858 1852 1884 non

575 1905 783 1951 imperasse.
798 1905 1039 1958 ‘Timagenes
1052 1906 1285 1942 historiarum
1301 1907 1458 1951 scriptor
1470 1906 1652 1951 quaedam
1665 1906 1701 1940 in
1715 1906 1855 1951 ipsum,

575 1963 757 2007 quaedam
790 1964 827 1998 in
861 1975 1014 1998 uxorem
1052 1963 1141 2009 ejus,
1165 1964 1349 2009 quaedam
1379 1964 1414 1998 in
1444 1968 1563 1999 totam
1590 1963 1743 1998 domum
1769 1963 1854 2008 ejus

575 2019 730 2062 dixerat,
739 2031 806 2055 nec
819 2020 1029 2067 perdiderat
1042 2022 1150 2056 dicta.
1187 2020 1310 2067 Magis
1323 2023 1419 2056 enim
1430 2020 1681 2056 circumfertur
1689 2027 1728 2056 et
1739 2020 1777 2056 in
1787 2031 1854 2056 ore

575 2077 764 2113 hominum
779 2084 834 2114 est
848 2078 1041 2114 temeraria
1054 2078 1252 2115 urbanitas.
1305 2078 1426 2125 Saepe
1439 2078 1538 2114 ilium
1560 2079 1699 2114 monuit
1715 2077 1855 2114 Caesar

575 2139 615 2170 ut
634 2136 857 2171 moderatius
876 2135 999 2181 lingua
1018 2140 1190 2171 uteretur.
1243 2136 1427 2172 patienter
1445 2136 1634 2177 sustinuit;
1662 2146 1854 2181 nunquam

575 2202 658 2227 cum
678 2192 841 2228 Pollione
859 2193 1003 2239 hospite
1023 2194 1159 2228 inimici
1176 2193 1234 2229 sui
1254 2199 1405 2240 questus
1429 2199 1494 2229 est.
1548 2193 1632 2229 Hoc
1649 2185 1854 2245 dumtaxat

577 2249 726 2286 Pollioni
746 2251 852 2292 dixit,
870 2252 890 2269 ‘⁵
904 2251 1048 2294 Fruere,
1067 2252 1117 2287 mi
1137 2251 1265 2293 Pollio.
1281 2249 1451 2287 fruere.'''
1496 2251 1546 2286 Et
1565 2250 1679 2287 'infert
1698 2251 1854 2293 Seneca,

597 2307 707 2343 DIcat
727 2307 850 2354 itaque
868 2308 937 2343 sibi
954 2309 1119 2354 quisque,
1138 2309 1330 2354 Numquid
1350 2309 1534 2353 potentior
1552 2319 1632 2343 sum
1652 2308 1853 2354 Philippo?

574 2363 624 2400 iili
648 2371 772 2400 tamen
796 2367 946 2412 impune
970 2367 1205 2402 maledictum
1223 2372 1290 2402 est.
1348 2367 1538 2411 Numquid
1567 2367 1603 2400 in
1629 2367 1740 2411 domo
1767 2378 1854 2403 mm

575 2422 657 2468 plus
690 2434 839 2469 possum
874 2436 987 2470 quarn
1012 2426 1048 2460 in
1074 2430 1157 2461 toto
1188 2424 1276 2460 orbe
1310 2430 1487 2460 terrarum
1523 2424 1627 2459 divus
1657 2423 1853 2470 Augustus

575 2481 719 2525 potuit?
747 2481 812 2518 Ine
830 2488 954 2518 tamen
970 2489 1164 2518 contentus
1184 2481 1250 2518 fuit
1268 2494 1290 2518 a
1305 2482 1550 2520 conviciatore
1567 2493 1633 2516 suo
1649 2482 1839 2518 secedere.'

1041 2613 1291 2651 curruum
1321 2613 1388 2649 IX.

624 2701 802 2736 Remedia
836 2712 921 2736 vero
954 2701 1132 2737 habemus
1165 2699 1294 2736 con‘tra
1327 2701 1432 2744 iram,
1465 2711 1515 2735 ex
1557 2700 1852 2736 consideratione

575 2759 752 2795 malarum
766 2759 1014 2795 conditionum
1030 2759 1108 2805 ejus
1122 2772 1130 2793 :
1157 2758 1290 2794 deinde
1302 2769 1367 2804 per
1385 2757 1557 2804 exempla
1574 2758 1794 2804 sapientium
1813 2765 1852 2795 et

575 2817 778 2863 potentium
799 2817 1012 2852 excitamur.
1061 2815 1125 2852 Ad
1149 2815 1241 2852 haec
1265 2816 1377 2852 docet
1394 2815 1538 2852 Seneca
1555 2815 1714 2851 remedia
1727 2817 1852 2863 magis

719 2909 724 2923 ¹
747 2908 860 2941 belm,
876 2909 912 2936 iii.
932 2917 972 2936 u.
1502 2908 1511 2924 ¹
1531 2908 1564 2938 ih.
1582 2910 1609 2936 ii.
1623 2918 1666 2945 32.

716 2954 726 2967 ²
746 2952 778 2979 ιὸ.
791 2953 829 2978 iii.
842 2961 888 2986 23,
903 2961 947 2985 ²⁴·
984 2953 1045 2979 The
1059 2954 1209 2986 quotation
1224 2954 1248 2980 is
1261 2954 1344 2981 much
1359 2953 1532 2981 condensed.
