2350 3580
600 711 668 747 288
837 715 1009 748 OPERIS
1034 715 1243 755 MAJoRJS
1271 715 1397 748 PARS
1424 715 1645 748 SEPTIMA.

603 801 666 840 εόι·
681 806 921 845 adolescentis
937 807 1028 856 figit.
1063 808 1114 844 Et
1132 807 1251 851 infert.
1268 810 1276 826 ‘
1290 808 1375 843 Non
1392 807 1523 843 dubito
1538 807 1629 853 quin
1647 804 1872 852 Harpagus¹

600 864 675 910 regi
697 865 890 901 Persarum
916 866 1050 912 aliquid
1079 866 1154 902 tale
1188 865 1352 908 suaserit,
1376 876 1453 911 quo
1476 864 1638 901 offensus
1663 863 1715 900 illi
1739 864 1876 900 liberos

601 922 803 968 epulandos
837 921 1030 970 apposuit'
1078 926 1086 942 ⁸
1102 923 1151 959 Et
1180 923 1312 960 Darius
1336 921 1400 970 qui
1424 922 1564 970 primus
1589 928 1674 968 post
1707 921 1876 958 ablatum

604 978 719 1026 Mago
746 981 937 1026 imperium
964 981 1092 1018 Persas
1113 981 1283 1023 obtinuit,
1309 985 1458 1026 rogatus
1485 979 1534 1015 ab
1557 979 1737 1017 Oeobazo
1758 975 1875 1014 imbui

600 1047 688 1072 sene
712 1043 752 1073 ut
777 1049 825 1073 ex
850 1039 966 1074 tribus
988 1039 1110 1074 liberis
1134 1049 1247 1074 unum
1270 1039 1365 1086 patri
1391 1038 1427 1072 in
1453 1037 1634 1074 solatium,
1653 1037 1876 1082 relinqueret

600 1101 638 1131 et
659 1094 815 1130 duorum
835 1107 946 1142 opera
963 1090 1134 1138 uteretur,
1150 1107 1280 1131 omne·
1299 1107 1339 1131 se
1363 1093 1414 1130 illi
1441 1094 1538 1130 dixit
1563 1094 1813 1138 remissurum,
1836 1100 1877 1130 et

601 1153 739 1193 occisos
765 1153 801 1188 in
826 1159 1024 1199 conspectu
1051 1153 1214 1200 parentis
1239 1150 1399 1198 abjecit)
1443 1151 1494 1188 Et
1518 1151 1625 1188 insert
1649 1151 1780 1188 ‘Dabo
1807 1151 1876 1188 tibi

600 1221 648 1245 ex
666 1211 747 1246 sinu
762 1209 974 1248 Aristotelis
990 1210 1248 1250 Alexandrum
1267 1221 1390 1258 regem
1407 1210 1470 1257 qui
1490 1209 1627 1245 Clitum
1646 1210 1876 1245 carissimum

600 1268 670 1304 sibi
688 1273 726 1304 et
750 1280 823 1304 una
841 1269 1037 1304 educatum
1064 1269 1157 1304 inter
1181 1269 1308 1315 epulas
1329 1268 1534 1319 transfodit,
1552 1273 1589 1303 et
1607 1267 1875 1312 Lysimachum

599 1336 715 1372 aeque
739 1325 952 1362 familiarem
980 1326 1050 1362 sibi
1074 1323 1170 1362 leoni
1190 1327 1334 1372 objecit,
1356 1331 1395 1361 et
1420 1324 1687 1372 Telesphorum
1713 1325 1876 1360 amicum

600 1394 706 1419 suum
724 1383 884 1428 undique
897 1385 1128 1420 decurtatum
1145 1394 1231 1419 cum
1250 1394 1355 1420 aures
1372 1383 1423 1420 illi
1439 1393 1641 1428 nasumque
1658 1381 1877 1419 abscidisset

601 1441 637 1474 in
677 1451 790 1476 cam
824 1441 926 1476 velut
966 1452 1101 1482 novum
1143 1441 1281 1476 animal
1322 1445 1360 1476 et
1401 1441 1615 1476 inusitatum
1649 1440 1714 1474 diu
1745 1439 1876 1485 pavit!

601 1497 771 1545 Cumque
803 1499 1072 1544 perambulavit
1108 1500 1299 1541 mundum,
1331 1496 1534 1534 Aristotele
1570 1502 1608 1533 et
1649 1495 1876 1532 Callisthene

600 1555 764 1598 ducibus,
784 1555 1068 1592 ’(ἶει]ἸἰειίΙῚειῑεπη2
1092 1567 1208 1593 unum
1234 1567 1254 1591 e
1279 1557 1421 1603 magnis
1447 1555 1636 1597 interfecit,
1665 1547 1876 1596 unshneca

599 1618 720 1648 narrat
746 1614 781 1648 in
808 1613 901 1649 libro
926 1614 1170 1650 Naturalium.
1225 1613 1276 1653 Et
1300 1612 1538 1664 Aristotelem
1565 1614 1602 1649 in
1625 1612 1877 1658 tantumpro-

598 1671 744 1706 vocavit
759 1672 858 1716 quod
872 1676 1023 1707 coactus
1039 1672 1107 1707 fuit
1123 1683 1163 1706 se
1181 1677 1219 1707 et
1241 1673 1415 1707 mundum
1434 1672 1587 1706 liberare
1605 1682 1672 1716 per
1687 1681 1874 1706 venenum

598 1727 699 1772 quod
731 1728 766 1763 ei
799 1728 948 1764 miserat
981 1728 1196 1772 bibendum,
1230 1729 1323 1764 sicut
1355 1733 1479 1763 narrat
1514 1727 1649 1774 Plinius
1682 1727 1874 1773 trigesimo

600 1784 789 1820 Naturalis
810 1785 1008 1821 Historiae.
1052 1785 1125 1823 Sed
1145 1787 1234 1823 haec
1252 1796 1367 1831 pauca
1385 1786 1570 1820 sufficiunt
1586 1785 1772 1830 exempla,
1786 1775 1875 1830 §uia

598 1848 686 1878 nota
701 1848 739 1878 et
757 1843 891 1888 scripta
908 1837 1059 1879 sunt'de
1077 1843 1210 1889 quibus
1223 1848 1279 1878 fflt
1296 1834 1427 1878 sermo.

1054 2003 1307 2039 CAPITULUM
1325 2003 1412 2039 VII.

410 2111 496 2139 omer
648 2106 735 2142 Non
756 2108 875 2143 solum
892 2119 979 2143 vero
999 2107 1186 2145 iracundia
1208 2108 1364 2145 destruit
1387 2108 1576 2155 proprium
1602 2107 1812 2154 subjeetum
1835 2112 1875 2143 et

408 2148 547 2219 52¹3„
599 2164 810 2209 proximum
848 2172 886 2201 et
912 2166 1050 2201 amicos
1077 2165 1237 2209 amittit;
1270 2166 1334 2200 sed
1361 2165 1507 2201 divitias
1543 2166 1709 2212 dissipat,
1735 2165 1874 2200 samam

410 2220 506 2251 hw‘d
599 2222 761 2269 negligit,
790 2222 970 2258 honorem
997 2224 1209 2259 contemnit.
1259 2222 1356 2258 Nam
1385 2234 1490 2259 amor
1514 2224 1698 2260 vindictae
1724 2211 1876 2270 supetat

409 2257 553 2327 ffiglffflpr
599 2291 748 2316 omnem
766 2280 877 2317 aliam
895 2281 1125 2317 affectionem
1139 2280 1250 2316 animi
1263 2287 1301 2316 et
1317 2292 1425 2317 omne
1443 2281 1542 2317 aliud
1556 2281 1685 2317 vitium
1701 2280 1872 2316 devincit.

412 2330 485 2358 ⁶⁰⁶·
599 2337 786 2384 Quoniam
812 2339 899 2375 dicit
926 2338 1077 2382 Seneca,
1103 2338 1143 2374 in*
1168 2337 1241 2373 fine
1270 2339 1420 2374 secundi
1445 2339 1492 2374 de
1518 2339 1588 2382 Ira,
1614 2341 1622 2356 ‘
1638 2338 1875 2391 Agaritiam’

598 2396 830 2431 durissimum
857 2396 993 2432 malum
1023 2397 1245 2442 minimeque
1279 2396 1439 2431 flexibile
1472 2396 1525 2432 ira
1550 2396 1716 2439 calcavit,
1740 2397 1874 2432 adacta

597 2464 687 2499 opes
723 2464 808 2490 suas
837 2464 1019 2500 spargere.
1054 2460 1090 2489 et
1132 2453 1259 2488 domui
1294 2454 1476 2500 rebusque
1511 2453 1545 2489 in
1581 2464 1694 2489 unum
1729 2453 1872 2490 collatis

597 2511 745 2556 injicere
770 2512 903 2558 ignem.
954 2511 1117 2557 Quidam
1141 2522 1230 2547 vero
1263 2511 1481 2547 ambitiosus
1516 2522 1652 2558 magno
1678 2512 1873 2548 aestimata

597 2568 750 2615 projecit
764 2569 930 2615 insignia,
942 2568 1194 2614 honoremque
1208 2568 1370 2604 delatum
1385 2569 1527 2615 repulit.
1571 2569 1703 2604 Nullus
1719 2569 1873 2605 affectus

598 2632 652 2662 est
679 2626 715 2662 in
741 2638 850 2673 quem
879 2638 950 2662 non
979 2626 1030 2662 ira
1057 2624 1288 2661 dominetur-⁵
1341 2625 1387 2662 Et
1416 2638 1487 2662 non
1518 2632 1665 2662 tantum
1696 2627 1811 2662 iratus
1834 2638 1873 2662 se

599 2684 716 2730 ipsum
741 2683 872 2730 perdit.
898 2695 965 2718 nec
989 2682 1107 2718 solum
1138 2683 1361 2730 proximum.
1390 2694 1456 2718 nec
1481 2684 1578 2719 bona
1603 2684 1785 2729 fortunae,
1807 2684 1872 2720 sed

599 2741 721 2776 Deum
755 2741 909 2776 offendit
942 2746 979 2776 et
1011 2741 1158 2776 amittit.
1222 2741 1308 2775 Non
1341 2741 1490 2786 quidem
1523 2746 1667 2776 tantum
1701 2743 1787 2789 quia
1820 2742 1871 2777 ira

599 2804 787 2844 peccatum
806 2805 872 2842 est,
890 2799 950 2834 s'ed
968 2799 1052 2843 quia
1070 2798 1276 2844 specialiter
1301 2798 1463 2833 iracundi
1487 2798 1523 2833 in
1551 2798 1672 2833 Deum
1698 2799 1871 2844 blasphe-

599 2862 709 2896 mant,
728 2862 769 2892 ut
783 2862 868 2892 ¹sunt
881 2856 1054 2903 exempla
1073 2855 1225 2896 infinita,
1239 2861 1275 2891 et
1294 2855 1439 2891 suerunt
1457 2861 1494 2891 et
1510 2861 1625 2891 erunt.
1676 2855 1725 2892 Et
1743 2863 1871 2892 contra

633 2940 640 2956 ¹
659 2940 703 2967 De
714 2940 770 2974 Iro,
787 2941 824 2968 iii.
841 2946 881 2974 15,
901 2943 942 2975 ιδ,
961 2949 1001 2975 ¹7-
1130 2940 1141 2956 ¹
1159 2940 1227 2966 Nat.
1241 2939 1351 2974 Quaen.
1365 2940 1402 2967 vi.
1417 2948 1461 2974 23.
1587 2940 1598 2956 ¹
1617 2940 1662 2966 De
1673 2939 1729 2972 Ira,
1746 2940 1774 2967 ii.
1789 2941 1836 2975 3⁶·
