2350 3580
379 339 1496 551 —

774 697 997 733 SCIENTIA
1025 697 1458 733 EXPERJMENTALIS.
1689 707 1758 742 ”5

482 792 521 825 et
538 787 656 825 tendit
672 788 721 824 ad
738 793 906 832 mortem,
922 793 1010 825 tune
1026 788 1125 824 enirn
1141 788 1252 826 timet
1268 788 1339 825 sibi
1365 795 1403 825 et
1427 788 1569 836 cogitat
1589 794 1631 826 ut
1647 788 1757 826 valet.

483 845 561 882 Sed
579 851 666 882 tunc
681 857 756 882 non
781 851 903 893 potest
926 857 1108 892 apponere
1128 846 1330 882 remedium
1354 851 1507 893 propter
1530 846 1757 883 debilitatem

481 902 614 939 virium
635 907 673 939 et
697 915 824 940 sensus
848 909 888 940 et
911 907 1062 950 propter
1085 902 1334 950 experientiae
1359 902 1555 940 defectum.
1605 903 1657 940 Et
1674 904 1757 940 ideo

483 965 608 1007 patres
624 966 914 1008 corrumpuntur,
930 965 970 997 et
992 966 1170 1007 generant
1190 960 1284 998 filios
1301 966 1503 1007 corruptos.
1520 967 1558 998 et
1578 961 1758 998 habentes

482 1017 761 1064 dispositionem
779 1019 828 1054 ad
847 1018 974 1054 mortis
990 1018 1271 1055 festinationem.
1323 1018 1374 1054 Et
1398 1019 1532 1054 deinde
1554 1030 1619 1064 per
1634 1019 1757 1054 desec-

482 1079 564 1111 tum
579 1074 766 1122 regiminis
783 1074 847 1111 filii
863 1081 1102 1122 corrumpunt
1127 1076 1276 1122 seipsos,
1292 1080 1331 1112 et
1354 1077 1408 1112 sic
1431 1074 1529 1112 filius,
1551 1076 1618 1112 filii
1644 1076 1758 1112 habet

481 1132 760 1180 dispositionem
787 1132 921 1169 malas'n
947 1132 1145 1179 duplicem.
1170 1139 1209 1170 et
1233 1133 1345 1170 tertio
1370 1133 1532 1180 seipsum
1556 1134 1758 1180 corrumpit

483 1196 635 1236 propter
656 1189 837 1226 defectum
866 1190 1063 1237 regiminis.
1115 1191 1165 1227 Et
1192 1190 1245 1226 sie
1270 1191 1381 1226 currit
1400 1191 1450 1226 de
1474 1197 1577 1238 patre
1602 1191 1638 1226 in
1665 1190 1758 1228 filios

482 1248 669 1294 corruptio
684 1247 962 1294 complexionis,
980 1259 1172 1294 usquequo
1191 1248 1373 1284 festinatio
1393 1248 1491 1284 facta
1516 1248 1562 1284 sit
1581 1248 1758 1293 ultimate,

482 1303 576 1341 sicut
592 1304 726 1341 accidit
741 1305 799 1341 his
812 1304 1048 1351 temporibus.

533 1361 585 1397 Et
610 1373 684 1398 non
710 1362 830 1398 solum
858 1361 951 1399 haec
977 1373 1086 1400 causa
1113 1361 1348 1399 accidentalis
1376 1362 1571 1405 invenitur.
1593 1363 1657 1400 sed
1687 1362 1759 1399 alia

482 1430 580 1466 quae
606 1419 773 1456 consistit
801 1419 839 1455 in
869 1419 1014 1455 defectu
1044 1419 1236 1466 regiminis
1268 1430 1424 1456 morum.
1474 1421 1632 1456 Peccata
1661 1421 1759 1456 enim

482 1476 679 1514 debilitant
710 1475 804 1514 vires
832 1477 987 1520 animae,
1012 1476 1065 1513 ita
1092 1478 1192 1522 quod
1223 1476 1409 1526 impotens
1436 1483 1493 1514 eet
1522 1479 1570 1514 ad
1597 1478 1760 1524 corporis

484 1535 646 1582 regimen
663 1534 850 1578 naturam
868 1541 907 1571 et
923 1534 1006 1571 ideo
1023 1534 1263 1571 debilitantur
1271 1535 1367 1571 vires
1380 1535 1552 1582 corporis,
1563 1541 1602 1571 et
1609 1535 1756 1572 festinat

481 1593 530 1628 ad
548 1597 728 1636 mortem3
751 1597 790 1628 et
807 1592 899 1628 haec
919 1593 1106 1638 corruptio
1123 1593 1235 1628 currit
1259 1603 1282 1628 a
1307 1597 1412 1638 patre
1434 1591 1481 1627 ad
1509 1592 1635 1635 filiurn,
1652 1597 1688 1627 et
1706 1593 1758 1628 sic

483 1650 648 1686 ulterius.
693 1650 746 1694 Et
763 1649 848 1685 ideo
863 1650 1027 1696 oportuit
1043 1654 1194 1696 propter
1210 1649 1276 1685 has
1296 1650 1394 1685 duas·
1412 1661 1538 1686 causas
1563 1650 1758 1691 naturales,

483 1708 586 1754 quod
612 1707 838 1754 longaevitas
860 1706 1021 1743 hominis
1043 1717 1117 1743 non
1137 1713 1300 1743 servaret
1321 1707 1487 1744 ordinem
1510 1706 1711 1743 naturalem
1735 1718 1757 1743 a

484 1765 662 1812 principio
677 1777 687 1806 ς
710 1765 776 1800 sed
795 1769 944 1810 propter
960 1764 1027 1800 has
1043 1764 1135 1799 duas
1152 1775 1280 1799 causas
1295 1764 1508 1800 abbreviata
1533 1770 1590 1800 est
1606 1765 1756 1811 longae-

484 1823 579 1858 vitas
595 1822 755 1858 hominis
770 1827 895 1858 contra
918 1828 1097 1858 naturam.
1148 1820 1341 1858 Praeterea
1363 1822 1472 1857 certis
1495 1822 1758 1868 experimentis

484 1880 683 1926 probatum
701 1885 768 1923 est,
783 1879 883 1926 quod
901 1879 972 1916 ista
988 1879 1172 1916 festinatio
1192 1879 1304 1915 nimia
1324 1884 1382 1915 eet
1406 1879 1594 1916 retardata
1613 1879 1758 1926 pluries,

483 1943 522 1974 et
540 1937 766 1984 longaevitas
789 1937 1008 1987 prolongata
1031 1949 1097 1984 per
1121 1936 1259 1972 multos
1283 1947 1399 1972 annos
1424 1948 1490 1983 per
1513 1937 1759 1984 experientias

484 2002 665 2039 secretas;
690 1999 729 2032 et
746 1995 850 2031 multi
864 1995 934 2031 hoc
947 1995 1110 2031 scribunt
1122 1990 1301 2031 auctores.
1336 1991 1490 2043 Propter
1498 1995 1598 2043 quod
1612 1999 1759 2042 oportet

483 2053 586 2100 quod
603 2054 651 2090 sit
671 2052 762 2089 haec
785 2053 899 2089 nimia
921 2053 1108 2089 festinatio
1130 2051 1376 2097 accidentalis,
1394 2052 1532 2088 habero
1557 2052 1758 2089 remedium

485 2110 670 2158 possibile.

545 2168 746 2214 Postquam
786 2179 875 2205 vero
912 2173 1101 2203 ostensum
1142 2172 1211 2210 est,
1252 2167 1351 2213 quod
1394 2178 1505 2202 causa
1550 2166 1759 2213 hujusmodi

485 2225 728 2262 festinationis
768 2231 823 2261 est
864 2225 1110 2269 accidentalis,
1142 2230 1182 2261 et
1220 2225 1303 2260 ideo
1343 2225 1443 2271 quod
1478 2225 1678 2261 remedium
1710 2225 1759 2261 sit

484 2282 670 2330 possibile,
688 2294 784 2319 nunc
801 2282 912 2319 redeo
929 2284 978 2319 ad
993 2282 1064 2319 hoc
1081 2281 1295 2329 exemplum
1312 2282 1413 2329 quod
1425 2281 1525 2318 volui
1541 2282 1578 2318 in
1594 2281 1758 2318 terminis

486 2340 689 2377 medicinae
721 2339 917 2381 deciarare,
946 2340 983 2376 in
1012 2351 1088 2387 quo
1119 2344 1286 2387 potestas
1316 2340 1406 2374 artis
1432 2339 1658 2376 medicinalis
1687 2351 1760 2376 non

484 2398 599 2435 habet
632 2398 730 2434 unde
761 2397 957 2444 compleat.
1017 2397 1093 2433 Sed
1117 2408 1175 2433 ars
1201 2397 1498 2443 experimentalis
1523 2397 1671 2443 supplet
1694 2398 1760 2433 de-

485 2454 621 2493 fectum
639 2455 841 2492 medicinae
862 2456 897 2491 in
920 2455 989 2491 har:
1013 2462 1126 2502 parte.
1179 2455 1264 2490 Non
1289 2455 1386 2490 enim
1412 2461 1534 2501 potest
1558 2467 1618 2491 ars
1643 2455 1760 2491 rnedi-

485 2513 615 2550 einalis
633 2513 699 2549 nisi
717 2513 804 2550 dare
828 2513 987 2560 regimen
1008 2513 1174 2549 sanitatis
1200 2512 1382 2549 sufficiens
1406 2513 1607 2549 secundum
1633 2523 1760 2549 omnes

485 2576 638 2607 aetates.
688 2570 868 2617 Quamvis
886 2571 981 2606 enim
1001 2571 1049 2606 de
1065 2570 1259 2606 sufficienti
1277 2571 1454 2616 regimine
1474 2581 1601 2605 senum
1625 2571 1760 2606 insuffi-

485 2629 624 2665 denter
639 2628 750 2664 locuti
767 2634 852 2664 sunt
868 2633 1034 2664 auctores
1052 2629 1140 2670 noti,
1153 2629 1224 2664 hoc
1241 2634 1367 2663 tamen
1383 2627 1452 2662 suit
1469 2626 1538 2663 arti
1558 2628 1760 2664 medicinae

486 2685 672 2733 possibile.
724 2685 776 2721 Et
802 2685 872 2721 hoc
902 2685 1064 2732 regimen
1093 2684 1263 2721 consistit
1293 2684 1332 2720 in
1357 2691 1563 2731 temperato
1589 2696 1658 2721 usu
1686 2685 1759 2721 cibi

487 2750 526 2780 et
546 2750 670 2791 potus,
688 2749 811 2778 motus
836 2749 873 2778 et
897 2743 1042 2789 quietis,
1066 2743 1184 2778 somni
1210 2749 1248 2778 et
1272 2742 1427 2789 vigiliae,
1451 2743 1698 2779 evacuationis
1722 2749 1760 2778 et

486 2801 708 2844 retentionis,
726 2801 820 2836 aen's
843 2805 882 2835 et
906 2801 1119 2846 passionum
1145 2801 1301 2835 anirnae.
1352 2799 1463 2845 Quod
1483 2801 1512 2835 si
1530 2812 1552 2835 a
1571 2800 1760 2842 nativitate

487 2857 601 2894 homo
626 2857 778 2894 haberet
801 2857 980 2894 sufficiens
1007 2856 1168 2904 regimen
1194 2868 1310 2904 usque
1334 2857 1381 2893 ad
1408 2856 1516 2893 finem
1543 2858 1649 2900 vitae,
1673 2864 1762 2894 tunc

487 2915 627 2952 veniret
645 2916 690 2952 ad
710 2915 906 2952 terminum
922 2915 1021 2952 vitae
1037 2926 1145 2962 quem
1165 2915 1268 2952 Deus
1285 2921 1323 2951 et
1340 2920 1470 2951 natura
1485 2915 1763 2959 constituerunt,
