2350 3580
595 699 664 735 350
831 688 1005 723 OPERIS
1030 687 1240 728 uAJoms
1266 676 1394 719 PARS
1419 684 1641 718 SEPTIMA.

597 785 743 816 versant
768 791 809 816 se
831 785 868 816 et
883 779 957 816 hoc
972 785 1086 825 atque
1105 777 1168 813 illo
1190 777 1303 815 modo
1321 782 1561 824 componunt,
1576 776 1696 812 donec
1713 777 1875 824 quietem

597 837 813 874 lassitudine
843 837 1054 872 inveniant:
1090 841 1228 871 statum
1254 835 1352 871 vitae
1381 845 1470 870 suae
1498 833 1691 871 formando
1718 835 1876 871 subinde

598 896 635 931 in
659 906 704 930 eo
729 895 926 930 novissime
950 898 1112 937 manent,
1141 893 1179 928 in
1212 904 1288 939 quo
1323 892 1405 928 illos
1440 902 1515 928 non
1550 892 1715 928 mutandi
1749 893 1874 929 odium

597 953 662 988 sed
691 958 861 987 senectus
890 950 937 987 ad
972 947 1221 999 [novandum]
1252 949 1356 997 pigra
1387 949 1589 996 deprendit.
1641 949 1778 996 Adjice
1803 947 1874 1000 [et]

597 1008 679 1045 illos
704 1009 766 1054 qui
790 1020 866 1044 non,
892 1008 1158 1044 inconstantiae
1173 1007 1265 1042 vitio
1292 1018 1419 1052 parum
1443 1006 1543 1042 leves
1574 1012 1662 1042 sunt
1689 1008 1754 1044 sed
1780 1008 1876 1044 iner-

595 1067 684 1108 tiae,
699 1071 737 1101 et
755 1067 883 1102 vivunt
908 1077 981 1101 non
1008 1066 1196 1111 quomodo
1214 1064 1343 1101 volunt
1367 1065 1432 1100 sed
1450 1065 1638 1111 quomodo
1665 1072 1874 1112 coeperunt.

599 1123 888 1159 Innumerabiles
906 1150 914 1159 .
939 1148 948 1158 .
974 1123 1245 1169 proprietates
1270 1129 1355 1159 sunt
1381 1123 1445 1158 sed
1472 1133 1563 1158 unus
1594 1122 1746 1159 effectus
1770 1123 1874 1166 vitii:

595 1181 665 1218 sibi
690 1181 879 1228 displicere
897 1179 926 1224 ;'
959 1191 1023 1227 per
1040 1191 1134 1226 quae
1152 1179 1396 1226 tranquillitas
1414 1180 1589 1216 abscedit.
1638 1183 1648 1201 ‘
1661 1180 1746 1217 Hoc
1763 1181 1876 1218 oritur

595 1239 644 1274 ab
679 1239 896 1284 intemperie
932 1238 1043 1273 animi
1080 1243 1119 1272 et
1157 1237 1422 1283 cupiditatibus
1458 1237 1596 1272 timidis
1635 1243 1701 1274 aut
1741 1250 1874 1285 parurn

597 1296 790 1344 prosperis.
823 1296 886 1332 ubi
921 1302 988 1331 aut
1021 1307 1093 1332 non
1121 1298 1259 1332 audent
1292 1301 1474 1342 quantum
1507 1296 1774 1342 concupiscunt
1810 1302 1875 1332 aut

599 1365 670 1390 non
684 1359 967 1400 consequuntur,
979 1359 1014 1389 et
1027 1353 1063 1388 in
1074 1365 1179 1400 spem
1192 1354 1261 1389 toti
1272 1354 1481 1401 prominent
1489 1352 1516 1395 ¹,
1527 1364 1672 1400 semper
1683 1354 1874 1390 instabiles

598 1411 823 1457 mobilesque
850 1416 948 1453 sunt.
972 1412 1072 1459 quod
1099 1422 1245 1447 necesse
1270 1416 1325 1446 est
1350 1411 1516 1446 accidere
1551 1411 1796 1456 pendentibus
1826 1412 1875 1447 ad

597 1474 684 1505 vota
710 1481 775 1505 sua
808 1496 817 1505 .
848 1496 857 1505 .
888 1495 895 1505 .
928 1470 1017 1505 Illos
1050 1469 1274 1515 poenitentia
1311 1470 1430 1514 coepti
1469 1474 1570 1504 tenet·
1605 1474 1643 1505 et
1675 1470 1874 1516 incipiendi

597 1526 730 1569 timon
759 1527 997 1573 subrepitque
1014 1527 1077 1562 illa
1094 1527 1209 1563 animi
1224 1527 1379 1573 jactatio
1394 1537 1467 1562 non
1487 1527 1705 1564 invenientis
1718 1527 1874 1570 exitum,

597 1585 683 1632 quia
716 1595 781 1622 nec
816 1585 994 1632 imperare
1028 1586 1292 1632 cupiditatibus
1325 1585 1401 1621 suis
1433 1595 1503 1622 nec
1527 1586 1681 1633 obsequi
1707 1591 1871 1632 possunt.

596 1648 635 1678 et
661 1644 848 1678 cunctatio
875 1643 974 1679 vitae
1000 1655 1130 1690 pamm
1164 1654 1204 1678 se
1232 1643 1461 1689 explicantis.
1496 1648 1534 1678 et
1567 1644 1661 1678 inter
1696 1643 1874 1679 destituta

595 1706 681 1736 vota
724 1701 901 1747 torpentis
938 1702 1049 1736 animi
1090 1701 1190 1736 situs.
1256 1701 1363 1747 Quae
1401 1701 1527 1736 omnia
1570 1702 1734 1745 graviora
1776 1706 1874 1738 sunt„

596 1758 658 1794 ubi
688 1758 775 1794 odio
808 1757 1030 1794 infelicitatis
1063 1769 1242 1805 operosae
1268 1758 1315 1794 ad
1345 1758 1463 1794 otium
1493 1758 1731 1806 perfugerant
1760 1764 1798 1794 et
1825 1758 1874 1794 ad

595 1820 735 1852 secreta
759 1816 892 1856 studia.
910 1826 1006 1860 quae
1026 1816 1101 1862 pati
1128 1827 1203 1852 non
1224 1820 1347 1862 potest
1363 1817 1507 1852 animus
1525 1816 1574 1852 ad
1592 1815 1709 1851 civilia
1729 1820 1873 1852 erectus

595 1873 801 1920 agendique
827 1874 981 1919 cupidus
1010 1879 1048 1908 et
1074 1879 1205 1909 natura
1230 1874 1423 1918 inquietus.
1450 1885 1576 1919 pamm
1605 1873 1743 1909 scilicet
1769 1874 1806 1909 in
1833 1885 1873 1908 se

595 1930 812 1967 solatiorum
828 1930 992 1973 habens3
1017 1930 1099 1966 ideo
1125 1931 1301 1967 detractis
1327 1930 1638 1967 oblectationibus
1658 1943 1749 1977 quas
1768 1931 1871 1977 ipsae

595 1988 855 2033 occupationes
888 1987 1173 2024 discurrentibus
1208 1988 1396 2034 praebent,
1429 1987 1589 2029 domum.
1625 1988 1871 2027 solitudinem.

596 2047 752 2092 parietes
772 2057 846 2081 non
863 2046 954 2089 sert;
986 2046 1119 2080 invitus
1137 2046 1269 2090 aspicit
1285 2057 1325 2080 se
1343 2046 1412 2080 sibi
1430 2046 1609 2081 relictum.
1661 2045 1763 2080 Hinc
1779 2045 1869 2081 iilud

594 2109 650 2138 est
677 2102 819 2138 tedium
850 2109 888 2138 et
917 2102 1148 2149 displicentia
1172 2102 1241 2145 sui,
1270 2109 1307 2138 et
1335 2114 1514 2149 nusquam
1542 2102 1736 2138 residentis
1760 2103 1874 2138 animi

595 2159 783 2204 volutatio,
801 2166 837 2196 et
855 2160 919 2196 otii
937 2161 991 2196 sui
1009 2160 1125 2196 tristis
1141 2166 1254 2206 atque
1272 2171 1381 2206 aegra
1399 2160 1574 2207 patientia
1603 2187 1609 2194 .
1638 2187 1646 2196 .
1676 2187 1685 2194 .
1706 2160 1874 2196 Inclusae

595 2218 817 2265 cupiditates
848 2218 926 2253 sine
958 2218 1061 2253 exitu
1097 2229 1137 2252 se
1172 2218 1274 2265 ipsae
1308 2218 1558 2264 strangulant:
1598 2217 1685 2253 inde
1726 2229 1871 2253 moeror

595 2287 807 2320 marcorque
837 2280 875 2311 et
901 2274 1001 2311 mille
1032 2275 1165 2311 fluctus
1198 2276 1332 2310 mentis
1365 2276 1536 2316 incertae,
1563 2287 1675 2320 quam
1705 2287 1792 2320 spes
1818 2276 1871 2310 in-

594 2332 749 2369 choatae
775 2332 912 2369 habent
939 2330 1190 2381 [suspensam]
1216 2331 1458 2379 deploratam,
1483 2333 1636 2368 tristem.
1694 2333 1787 2368 Inde
1811 2331 1871 2368 ille

594 2390 746 2427 affectus
766 2391 881 2427 otium
906 2401 1012 2427 suum
1039 2391 1301 2427 detestantium
1327 2390 1632 2436 querentiumque
1656 2390 1746 2424 nihii
1772 2390 1874 2437 ipsos

593 2448 728 2483 habere
744 2448 844 2493 quod
862 2453 988 2493 agant,
1003 2453 1040 2483 et
1057 2448 1188 2483 alienis
1204 2449 1439 2484 incrementis
1456 2448 1707 2482 inimicissima
1721 2448 1871 2482 invidia.

595 2504 677 2540 Alit
701 2505 801 2540 enim
830 2504 981 2540 lIvorem
1010 2504 1138 2540 infelix
1163 2504 1294 2540 inertia
1323 2510 1361 2540 et
1390 2515 1518 2540 ornnes
1543 2504 1681 2540 destrui
1707 2504 1871 2552 cupiunt,

593 2563 678 2609 quia
703 2573 742 2598 se
766 2573 839 2598 non
867 2568 1068 2609 potuerunt.
1092 2563 1294 2609 provehere
1314 2589 1323 2598 .
1341 2590 1349 2597 .
1372 2587 1381 2596 .
1401 2562 1545 2598 Natura
1567 2562 1665 2597 enim
1687 2561 1871 2597 humanus

594 2619 735 2654 animus
767 2619 872 2665 agilis
906 2625 964 2655 est
1001 2625 1039 2655 et
1072 2631 1210 2665 pronus
1243 2620 1290 2654 ad
1326 2624 1461 2654 motus.
1518 2619 1634 2654 Grata
1667 2619 1789 2654 omnis
1820 2619 1871 2654 illi

595 2677 781 2712 excitandi
799 2689 840 2713 se
861 2677 1170 2723 abstrahendique
1194 2678 1347 2712 materia
1367 2681 1434 2718 est.
1450 2677 1587 2722 gratior
1603 2676 1772 2722 pessimis
1789 2677 1871 2722 qui·

595 2734 736 2780 busque
755 2733 908 2780 ingeniis
926 2744 1021 2780 quae
1039 2734 1345 2780 occupationibus
1361 2733 1518 2769 libenter
1534 2735 1758 2770 deteruntur.
1817 2733 1871 2770 Ut

595 2791 715 2826 ulcera
741 2792 923 2837 quaedam
950 2792 1132 2826 nocituras
1159 2802 1289 2826 manus
1314 2795 1498 2836 appetunt
1521 2795 1558 2826 et
1580 2795 1682 2826 tactu
1697 2790 1871 2836 gaudent,

593 2853 632 2884 et
649 2848 795 2884 foedam
812 2848 974 2894 corporis
990 2847 1152 2884 scabiem
1174 2847 1334 2884 deiectat
1356 2847 1530 2893 quicquid
1553 2853 1769 2894 exasperat:
1797 2859 1871 2883 non

1057 2914 1063 2931 ¹
1084 2918 1263 2948 permanent,
1277 2913 1312 2942 D.
1325 2918 1356 2941 et
1370 2913 1406 2941 Ο.
