2350 3580
592 495 615 519 2
839 485 1013 519 OPERIS
1034 484 1247 525 MAJORIS
1273 483 1400 516 PARS
1427 482 1619 524 QUINTA.

591 580 679 611 sunt
704 575 913 616 translatae,
931 580 968 611 et
992 574 1158 611 similiter
1183 585 1295 620 penes
1321 572 1643 614 mathematicam3
1667 582 1762 607 nunc
1782 570 1868 606 volo

590 633 732 669 radices
767 632 909 679 aliquas
943 633 1134 675 discutere,
1166 643 1262 678 quae
1302 643 1350 667 ex
1392 635 1577 678 potestate
1617 628 1868 676 perspectivae

590 690 768 725 oriuntur.
819 690 869 726 Et
892 690 922 725 si
945 689 1096 736 pulchra
1117 695 1155 726 et
1179 681 1406 725 delectabilis
1427 693 1484 723 est
1505 686 1749 723 considendo
1772 697 1868 732 quae

589 747 690 783 dicta
706 752 773 791 est,
789 747 879 783 haec
898 747 1007 794 longe
1030 746 1215 792 pulchrior
1236 752 1274 782 et
1291 744 1554 788 delectabilior,
1569 743 1741 791 quoniam
1763 754 1866 789 prae·

588 805 698 850 cipua
724 804 922 841 delectatio
951 811 1076 841 nostra
1108 810 1165 840 est
1197 804 1234 839 in
1251 795 1354 846 Γνίςιι,
1379 808 1418 838 et
1445 802 1512 838 lux
1538 807 1576 838 et
1602 801 1705 838 color
1729 801 1867 836 habent

588 861 785 907 specialem
818 861 1128 908 pulchritudinem
1163 860 1260 897 ultra
1292 861 1367 897 alia
1401 871 1497 906 quae
1532 858 1700 894 sensibus
1734 858 1867 911 nostris

589 918 797 962 inseruntur,
821 924 858 955 et
883 929 958 955 non
982 919 1101 954 solum
1127 918 1360 964 pulchritudo
1382 917 1565 959 elucescit,
1579 916 1645 952 sed
1664 915 1814 951 utilitas·
1829 920 1867 950 et

587 976 785 1012 necessitas
805 975 924 1022 major
943 981 1157 1023 exsurgunt.
1206 976 1306 1012 Nam
1323 974 1548 1012 Aristoteles
1571 973 1662 1010 dicit
1685 973 1722 1009 in
1748 973 1868 1019 primo

588 1032 869 1079 Metaphysicae
884 1033 986 1079 quod
1002 1034 1102 1069 visus
1118 1033 1219 1069 solus
1235 1033 1398 1069 ostendit
1418 1032 1527 1068 nobis
1548 1042 1668 1067 rerum
1694 1029 1866 1067 differen—

586 1091 677 1126 tias:
702 1090 888 1136 perillum
914 1092 1012 1126 enim
1043 1091 1272 1137 exquirimus
1294 1096 1412 1127 certas
1434 1088 1679 1136 experientias
1701 1088 1865 1124 omnium

586 1159 683 1194 quae
699 1148 735 1183 in
753 1148 865 1184 coelis
888 1154 973 1184 sunt
991 1153 1029 1184 et
1052 1149 1090 1184 in
1112 1154 1221 1185 terra.
1273 1148 1371 1184 Nam
1396 1159 1441 1184 ea
1464 1158 1560 1194 quae
1584 1147 1620 1182 in
1645 1146 1867 1183 coelestibus

586 1210 673 1241 sunt
694 1205 972 1241 considerantur
994 1217 1061 1252 per
1080 1207 1325 1243 instrumenta
1341 1205 1506 1249 visualia,
1521 1211 1563 1240 ut
1581 1203 1813 1240 Ptolemaeus
1828 1209 1867 1240 et

588 1262 723 1299 caeteri
741 1263 873 1299 docent
890 1263 1103 1299 astronomi.
1154 1263 1205 1299 Et
1227 1263 1395 1299 similiter
1413 1273 1458 1299 ea
1476 1274 1570 1309 quae
1592 1262 1629 1297 in
1652 1273 1737 1297 aere
1755 1272 1866 1308 gene-

587 1324 722 1364 rantur,
747 1320 842 1355 sicut
868 1325 1036 1356 cometae
1058 1325 1097 1356 et
1120 1321 1230 1357 irides
1253 1326 1293 1357 et
1316 1320 1536 1367 hujusmodi.
1583 1319 1684 1369 Nam
1709 1318 1867 1354 altitudo

587 1389 712 1413 earum
730 1388 841 1423 super
862 1377 1072 1422 horizonta,
1084 1384 1121 1414 et
1146 1379 1374 1426 magnitudo,
1391 1384 1428 1414 et
1452 1376 1580 1425 figura,
1596 1383 1634 1413 et
1656 1375 1868 1419 multitudo,

586 1440 625 1471 et
644 1435 765 1470 omnia
785 1446 882 1481 quae
904 1435 941 1471 in
961 1435 1015 1472 eis
1037 1441 1135 1479 sunt,
1150 1436 1396 1474 certificantur
1417 1447 1483 1482 per
1508 1435 1640 1471 modos
1658 1434 1806 1470 videndi
1830 1434 1866 1470 in

587 1491 846 1528 instrumentis.
897 1491 1004 1539 Quae
1033 1505 1122 1530 vero
1154 1494 1213 1530 hic
1246 1484 1283 1529 in
1315 1499 1412 1530 terra
1444 1497 1529 1529 sunt
1562 1493 1773 1538 experimur
1801 1502 1868 1540 per

586 1549 717 1592 visum,
734 1550 822 1595 quia
844 1561 974 1586 caecus
994 1551 1085 1603 nihil
1110 1557 1234 1598 potest
1258 1551 1307 1587 de
1319 1551 1400 1595 ,hoc
1425 1550 1564 1586 mundo
1588 1549 1688 1596 quod
1713 1549 1865 1596 dignum

587 1607 636 1657 sit
668 1607 837 1657 experiri.
888 1607 939 1643 Et
971 1609 1121 1645 auditus
1154 1609 1242 1645 facit
1273 1619 1342 1652 nos
1373 1608 1530 1651 credere,
1563 1607 1651 1654 quia
1683 1607 1867 1643 credimus

587 1665 810 1707 doctoribus,
829 1665 895 1701 sed
921 1677 995 1702 non
1026 1677 1222 1713 possumus
1249 1666 1407 1713 experiri
1430 1676 1525 1712 quae
1553 1665 1777 1701 addiscimus
1796 1665 1866 1700 nisi

586 1764 803 1798 perspectivam,
829 1765 907 1792 scias
930 1769 1065 1793 auctores
1087 1765 1194 1793 multos
1219 1768 1343 1793 tractare
1367 1765 1404 1793 de
1425 1765 1479 1792 hac
1502 1764 1632 1792 scientis.
1671 1763 1730 1792 Sed
1752 1765 1865 1799 quidam

586 1806 672 1834 nimis
685 1815 786 1842 parum
799 1811 830 1834 ut
848 1807 983 1836 ruelides
1002 1812 1033 1836 et
1049 1808 1178 1843 Jacobus
1189 1808 1315 1842 Alkindi,
1330 1812 1361 1837 et
1378 1808 1492 1843 quidam
1512 1808 1560 1836 alii
1580 1808 1712 1836 diversos
1731 1812 1866 1836 tractatus

586 1855 762 1885 componunt
774 1851 811 1878 de
823 1851 950 1885 partibus
961 1852 1169 1887 perspectivae,
1182 1853 1256 1880 sicut
1268 1857 1314 1880 est
1330 1852 1404 1879 liber
1417 1852 1454 1879 de
1465 1851 1538 1884 visu,
1552 1855 1582 1879 et
1598 1851 1672 1879 liber
1687 1852 1723 1879 de
1742 1851 1867 1887 speculis

586 1898 617 1921 et
628 1893 677 1921 alii
688 1897 804 1929 praeter
816 1894 898 1922 istos.
935 1894 1065 1935 Albasep
1078 1904 1148 1923 vero
1167 1896 1252 1923 nimis
1268 1896 1414 1931 superflue
1432 1896 1565 1923 tractavit
1577 1899 1608 1923 et
1624 1895 1653 1922 in
1665 1895 1825 1923 arbonam
1836 1899 1867 1923 et

586 1937 616 1964 in
628 1938 724 1965 modo.
757 1937 939 1966 Ptolemaeus
950 1947 1022 1967 vero
1034 1940 1105 1967 satis
1117 1939 1300 1967 mediocriter
1311 1939 1447 1974 prooedit.
1473 1938 1557 1965 Nune
1568 1947 1641 1973 ergo
1652 1939 1689 1967 ad
1702 1938 1866 1967 instantiam

586 1984 664 2008 tuam
672 1981 811 2015 quaedam
821 1982 986 2009 medullaris
992 1983 1046 2009 sub
1053 1983 1224 2018 compendio
1232 1991 1269 2010 ex
1277 1982 1408 2010 omnibus
1414 1982 1579 2010 auctoribus
1586 1982 1670 2017 cupio
1679 1991 1866 2018 congregare·

587 2023 647 2052 Sed
659 2032 774 2059 semper
782 2024 932 2053 habendus
942 2030 987 2053 est
1002 2034 1070 2060 prae
1079 2026 1210 2053 mnibus
1219 2030 1358 2054 tractatus
1367 2034 1449 2053 meus
1459 2026 1495 2053 de
1505 2026 1695 2060 gener-tione
1703 2025 1866 2060 specierum

587 2071 617 2094 et
629 2068 862 2102 multiplicatione
875 2072 905 2096 et
917 2069 1033 2097 actione
1046 2073 1076 2098 et
1089 2069 1275 2104 corruptione
1287 2077 1397 2104 amm,
1408 2069 1473 2098 sine
1484 2077 1543 2104 quo
1555 2069 1628 2096 nihil
1641 2068 1757 2103 dignum
1769 2073 1866 2104 potest

587 2110 708 2145 intelligi
722 2110 759 2138 de
772 2112 960 2146 perspectiva.
999 2112 1082 2140 Haec
1095 2117 1193 2140 autem
1204 2112 1326 2140 scientia
1336 2116 1382 2140 est
1396 2112 1484 2146 longe
1496 2112 1622 2147 pulcrior
1634 2112 1700 2140 aliis
1712 2116 1743 2140 et
1759 2112 1867 2147 utilior,

587 2158 617 2181 et
630 2154 695 2181 ideo
707 2154 912 2188 delectabilior,
924 2157 1060 2190 quoniam
1073 2156 1229 2191 praecipua
1242 2160 1342 2184 nostra
1354 2155 1506 2184 delectatio
1518 2159 1564 2183 est
1576 2155 1604 2183 in
1618 2155 1699 2183 vicu:

622 2197 667 2225 To
674 2198 773 2225 whom
786 2198 843 2225 this
854 2199 1032 2226 remarkable
1041 2207 1164 2234 passage
1173 2208 1236 2227 was
1243 2199 1409 2234 addi-ested,
1421 2207 1457 2226 or
1464 2203 1494 2226 at
1503 2199 1583 2226 what
1595 2199 1694 2234 period
1702 2198 1736 2226 of
1742 2199 1867 2227 Bacon's

586 2239 635 2267 lise
653 2241 675 2268 it
693 2249 755 2268 was
773 2242 900 2276 written,
916 2250 963 2270 we
982 2243 1021 2270 do
1039 2248 1090 2270 not
1109 2243 1204 2271 know.
1241 2243 1357 2277 Clearly
1369 2243 1391 2269 it
1402 2250 1465 2270 was
1485 2247 1537 2270 not
1557 2242 1711 2270 addreaaed
1733 2247 1765 2270 to
1787 2242 1866 2278 Pope

586 2283 718 2311 clement
739 2284 788 2319 lv,
802 2285 872 2312 who
889 2285 914 2313 is
932 2285 1043 2321 always
1059 2286 1242 2321 approached
1259 2287 1288 2313 in
1303 2286 1354 2314 the
1373 2285 1455 2321 opu·
1467 2284 1566 2321 nujus
1576 2286 1606 2313 ln
1618 2294 1637 2314 a
1647 2294 1720 2320 very
1732 2285 1867 2314 different

585 2327 671 2362 style.
709 2326 769 2355 We
782 2336 858 2363 may,
875 2328 887 2356 1
900 2329 994 2365 think,
1009 2330 1112 2364 regar-d
1124 2330 1147 2357 it
1160 2338 1193 2357 as
1204 2330 1254 2357 the
1267 2329 1381 2365 prefate
1393 2332 1423 2357 to
1437 2338 1455 2357 a
1466 2329 1541 2357 later
1551 2337 1628 2364 copy
1638 2329 1730 2357 osthe
1741 2329 1865 2365 Perspec-

585 2371 651 2404 h‘vs,
664 2371 782 2399 written
801 2371 877 2399 aster
897 2374 977 2407 1267,
999 2373 1050 2400 but
1068 2372 1166 2400 before
1186 2374 1235 2400 the
1254 2373 1387 2407 rigon-ons
1404 2372 1575 2407 oppresaion
1592 2372 1689 2400 which
1708 2373 1865 2408 hampered

584 2414 635 2442 the
647 2419 764 2449 greater
774 2419 840 2449 part
851 2415 886 2443 os
895 2415 1020 2444 Bacon's
1031 2415 1079 2444 lise
1091 2424 1154 2444 was
1167 2416 1304 2444 renewed
1316 2416 1373 2444 and
1387 2415 1552 2444 intensified

622 2457 665 2486 Os
673 2457 723 2485 the
735 2458 835 2485 works
848 2459 1023 2493 mentioned,
1039 2458 1197 2494 Ptolemy's
1211 2459 1303 2495 Opn'oe
1314 2460 1386 2487 have
1402 2460 1478 2487 been
1487 2459 1620 2494 recently
1630 2460 1727 2487 edited
1735 2460 1775 2494 by
1786 2458 1863 2486 Govi

586 2500 697 2536 (turin,
714 2501 808 2536 1885),
824 2501 949 2530 Euclid⁸s
962 2502 1002 2537 by
1019 2501 1152 2537 Heiberss
1168 2502 1306 2538 (Lern-ic,
1321 2503 1413 2537 1895).
1448 2503 1578 2531 Albasen
1592 2502 1658 2537 (ibn
1673 2503 1820 2539 Albaitan)
1839 2503 1865 2531 is

584 2544 742 2572 accessible
754 2545 784 2572 in
799 2545 931 2573 Risner's
942 2545 1050 2573 edition
1064 2545 1099 2573 os
1107 2545 1222 2574 Gerar&
1232 2545 1265 2574 of
1276 2545 1444 2575 Cremona's
1460 2546 1629 2574 translation
1642 2546 1752 2582 (Basle,
1767 2546 1864 2582 xsqa).

583 2587 701 2615 Alkindi
713 2587 766 2615 has
779 2592 840 2622 not,
856 2597 890 2616 so
904 2588 948 2616 sar
958 2597 992 2616 as
1005 2588 1018 2616 1
1032 2589 1129 2623 know,
1143 2589 1218 2617 been
1235 2590 1342 2618 edited.
1379 2590 1443 2617 The
1459 2590 1537 2617 book
1554 2590 1598 2617 De
1611 2589 1679 2617 Va-
1694 2598 1817 2625 appurs
1832 2594 1865 2618 to

583 2630 657 2658 have
675 2631 751 2658 been
769 2640 810 2659 an
823 2632 1023 2667 abridgement
1039 2632 1074 2659 os
1087 2632 1214 2661 Eneffl‘s
1229 2632 1342 2668 opem
1359 2632 1410 2660 the
1425 2632 1604 2668 Despuat-‘a
1615 2633 1642 2660 is
1652 2633 1744 2661 better
1756 2634 1863 2661 known

584 2681 617 2702 as
629 2674 680 2701 the
694 2673 855 2709 Catopem,
866 2674 1059 2711 erroaeously
1069 2675 1200 2703 ascribed
1212 2681 1244 2704 to
1256 2675 1358 2704 Eaclid
1368 2677 1432 2713 (see
1444 2676 1599 2711 Βάδει-ς’·
1611 2676 1821 2712 Prolem·
1832 2681 1865 2705 to

585 2716 709 2745 Euclid's
721 2717 840 2754 opem).
