2350 3580
614 693 682 736 480
902 694 1003 728 MUL
1009 694 1192 727 TJPLJCA
1199 693 1275 726 TJO
1301 693 1585 727 SPECJERUM.

428 798 530 826 keou-
617 786 737 830 primo
759 786 889 821 videns
922 785 1021 820 illam
1048 784 1203 820 formam
1239 784 1274 819 in
1305 789 1410 830 parte
1432 780 1570 830 speculi
1596 783 1716 829 prima
1740 787 1894 828 propter

428 835 557 898 21⁰er
617 841 696 886 hoc,
719 843 821 889 quod
847 842 962 878 forma
991 843 1043 878 ibi
1076 841 1152 878 fixa
1185 846 1259 882 eut,
1280 841 1431 887 incipiat
1465 841 1599 877 moveri
1633 851 1656 876 a
1687 839 1763 877 situ
1797 839 1892 876 illius

429 906 548 935 incidam
617 901 742 945 partis,
759 899 881 936 adhue
902 900 1043 936 videret
1067 903 1111 936 κ’
1131 899 1170 936 in
1196 904 1299 944 parte
1324 898 1387 935 illa
1405 897 1554 944 speculi,
1571 899 1658 943 quia
1675 897 1794 934 forma
1811 897 1893 943 ejus

428 942 563 1007 ξ’ξζὼξξξ
617 956 691 993 fixa
709 962 765 992 est
781 969 789 999 ;
812 958 908 993 sicut
926 958 1075 1003 quando
1094 958 1148 993 aie
1168 961 1336 992 movetur
1354 957 1495 992 videret
1519 967 1596 991 rem
1621 961 1892 1002 quantumcun-

428 1014 530 1050 oniyi·
616 1026 688 1061 que
711 1013 826 1051 fixam
852 1014 888 1050 in
912 1026 981 1050 suo
1006 1013 1099 1050 loco.
1137 1013 1226 1062 *Sed
1245 1025 1342 1050 nunc
1359 1024 1432 1049 non
1450 1019 1506 1049 est
1525 1013 1597 1054 ita;
1623 1025 1668 1049 eo
1689 1012 1891 1059 quodcum

613 1072 741 1108 videns
766 1078 821 1108 est
848 1072 892 1108 in·
908 1071 1048 1108 directo
1071 1073 1253 1108 secundae
1279 1071 1403 1118 partis,
1419 1070 1476 1107 vel
1502 1070 1631 1107 tertiae
1647 1069 1704 1107 vel
1727 1076 1891 1118 quartae.

613 1130 770 1165 videtne
795 1129 851 1164 vel
879 1128 1030 1165 formam
1059 1141 1130 1165 non
1159 1129 1196 1164 in
1222 1130 1341 1174 prima
1364 1134 1481 1175 parte,
1498 1129 1564 1164 sed
1585 1129 1623 1163 in
1647 1129 1809 1164 secunda
1831 1128 1891 1163 vel

613 1187 721 1222 tertia
750 1186 806 1222 vel
840 1191 981 1232 quarta,
1008 1185 1065 1222 vel
1097 1185 1222 1232 aliqua
1252 1186 1325 1222 alia
1362 1193 1525 1232 respectu
1556 1186 1661 1232 cujus
1692 1197 1734 1222 se
1765 1185 1889 1221 habet.

613 1243 788 1290 Amplius
812 1244 890 1280 viso
919 1242 1041 1290 aliquo
1070 1255 1234 1290 corpore,
1260 1250 1298 1281 et
1323 1245 1471 1280 vidente
1494 1243 1543 1280 ab
1567 1254 1612 1280 eo
1637 1243 1707 1280 situ
1736 1248 1890 1286 remoto,

613 1303 748 1347 poterit
766 1302 930 1337 accidere
944 1301 1045 1347 quod
1061 1313 1134 1336 non
1153 1302 1294 1338 videbit
1312 1313 1445 1348 eorpus
1468 1301 1557 1336 illud
1578 1302 1614 1336 in
1638 1300 1789 1347 speculo
1814 1300 1890 1342 illo,

613 1359 699 1395 licet
715 1360 837 1395 videat
852 1364 970 1395 totam
990 1359 1128 1405 speculi
1145 1359 1374 1405 superficiem
1390 1371 1399 1403 ;
1414 1360 1513 1406 quod
1532 1359 1682 1405 quidem
1700 1369 1772 1394 non
1789 1364 1889 1394 esset

613 1416 645 1452 si
663 1416 930 1462 imprimeretur
954 1416 1072 1452 sonna
1097 1419 1133 1452 in
1157 1416 1316 1463 speculo.
1334 1428 1419 1453 cum
1444 1419 1612 1452 videatur
1634 1416 1826 1463 speculum
1850 1422 1889 1451 et

613 1473 801 1521 speculum
828 1485 901 1510 non
932 1479 1049 1510 mutet
1083 1473 1216 1516 locum,
1241 1480 1280 1510 et
1305 1485 1439 1521 corpus
1464 1474 1607 1511 visibile
1643 1474 1812 1510 similiter
1840 1474 1889 1508 sit

615 1532 819 1574 immotum,
848 1532 935 1578 quia
969 1531 1085 1567 forma
1114 1531 1192 1577 ejus
1217 1532 1383 1567 simili-ter
1412 1532 1547 1568 inficiet
1580 1532 1767 1578 speculum
1794 1531 1889 1566 sicut

614 1590 724 1634 prius.
772 1588 946 1635 Amplius
972 1589 1050 1624 viso
1079 1601 1232 1635 corpore
1267 1590 1304 1624 in
1336 1590 1485 1635 speculo
1518 1595 1555 1625 et
1590 1595 1674 1635 post
1707 1589 1888 1635 elongem,

613 1644 948 1690 comprehendetur
974 1655 1105 1689 eorpus
1137 1645 1254 1690 magis
1288 1645 1381 1681 intra
1412 1645 1601 1690 speculum
1635 1655 1745 1690 quam
1777 1644 1889 1690 prius,

613 1703 711 1747 quod
730 1713 803 1737 non
821 1703 890 1737 erit
912 1703 943 1737 si
966 1701 1083 1737 forma
1103 1703 1265 1748 corporis
1290 1703 1338 1737 sit
1363 1703 1399 1737 in
1425 1702 1613 1748 superficie
1638 1702 1787 1747 speculi.
1838 1701 1889 1736 Et

615 1758 766 1806 planum
795 1765 852 1795 est
879 1760 1123 1795 consideranti
1150 1760 1252 1806 quod
1279 1759 1379 1795 nulla
1403 1760 1516 1796 sonna
1547 1766 1603 1795 est
1625 1761 1819 1806 'impressa
1851 1761 1887 1795 in

613 1817 764 1864 speculo
799 1828 861 1863 per
899 1816 1143 1866 reflexionem.
1178 1817 1243 1853 sed
1279 1818 1395 1864 magis
1427 1818 1676 1861 contrarium;
1712 1818 1887 1863 quoniam

614 1874 779 1916 reflexio,
795 1879 833 1910 ut
859 1875 997 1910 dictum
1023 1880 1081 1909 est
1105 1875 1216 1920 prius,
1234 1879 1291 1910 est
1314 1875 1458 1910 virtutis
1483 1876 1665 1911 venientis
1688 1876 1736 1911 ad
1763 1886 1887 1920 super-

613 1931 730 1967 ficiem
766 1932 868 1968 densi
899 1932 1105 1978 generantis
1132 1944 1172 1967 se
1201 1932 1236 1967 in
1270 1938 1410 1978 partem
1437 1933 1658 1968 contrariam
1689 1938 1727 1968 et
1759 1937 1889 1968 contra

613 1989 790 2026 incessum
819 1989 1048 2031 incidentem.
1078 1990 1269 2026 occasione
1301 1995 1450 2035 sumpta,
1476 2002 1501 2025 a
1527 1990 1709 2026 densitate
1736 1990 1885 2036 speculi.

613 2057 708 2092 quae
732 2047 902 2092 prohibet
923 2047 1117 2082 transitum
1141 2047 1255 2092 ipsius
1278 2047 1421 2082 virtutis
1441 2058 1479 2082 se
1501 2047 1786 2093 multiplicantis.
1836 2047 1885 2082 Et

613 2105 697 2139 ideo
723 2115 797 2139 non
826 2104 1001 2150 imprimit
1026 2105 1117 2140 haec
1141 2105 1256 2140 virtus
1283 2104 1421 2151 aliquid
1456 2105 1492 2140 in
1518 2105 1676 2151 speculo,
1704 2105 1768 2140 sed
1800 2105 1887 2140 facit

610 2172 715 2196 suam
744 2161 903 2207 speciem
935 2161 970 2197 in
999 2172 1081 2197 aere
1110 2162 1314 2198 recedendo
1343 2175 1365 2198 a
1394 2162 1544 2209 speculo
1575 2174 1641 2209 per
1672 2163 1885 2198 continuam

610 2219 895 2265 generationem.
941 2218 1079 2254 Verum
1105 2219 1170 2255 tali
1196 2220 1425 2266 impressioni
1452 2219 1569 2256 factae
1594 2220 1630 2254 in
1654 2219 1805 2267 speculo
1830 2231 1885 2256 :re-

613 2281 752 2321 pugnat
782 2276 861 2322 ipsa
895 2277 1097 2322 proprietas
1132 2276 1365 2318 reflexioni83
1405 2277 1507 2322 quod
1538 2277 1567 2312 si
1597 2289 1645 2312 ex
1678 2278 1884 2312 abundanti

613 2333 746 2368 virtute
770 2333 979 2378 generativa
1008 2333 1063 2369 sui
1092 2333 1223 2369 similis
1253 2340 1376 2380 posset
1403 2334 1463 2369 illa
1488 2334 1638 2380 species,
1664 2335 1809 2370 veniens
1837 2335 1885 2370 ad

609 2389 839 2436 superficiem
857 2391 1006 2436 speculi,
1026 2402 1095 2427 non
1114 2391 1234 2427 solum
1254 2402 1319 2438 per
1336 2391 1574 2428 reflexionem
1593 2402 1768 2438 generare
1785 2402 1827 2428 se
1848 2393 1885 2428 in

610 2449 830 2483 contrariam
859 2455 1001 2493 partem
1030 2449 1065 2482 in
1092 2460 1188 2492 aere,
1212 2449 1275 2484 sed
1307 2450 1341 2484 in
1379 2449 1583 2484 substantia
1612 2449 1763 2495 speculi.
1789 2449 1885 2484 sicut

610 2505 706 2540 bene
724 2505 897 2551 possibile
919 2511 983 2548 est,
1001 2511 1125 2540 tamen
1150 2505 1212 2542 illa
1232 2507 1372 2551 species
1393 2508 1445 2542 sic
1473 2507 1507 2540 in
1531 2507 1681 2552 speculo
1705 2507 1885 2552 producta

610 2562 698 2598 nihil
725 2562 810 2598 facit
835 2563 884 2598 ad
906 2563 1081 2598 visionem
1110 2573 1174 2609 per
1199 2562 1452 2606 reflexionem,
1467 2570 1503 2598 et
1531 2575 1594 2610 per
1621 2564 1885 2610 proprietatem

608 2620 758 2666 speculi,
770 2620 908 2656 scilicet
925 2626 966 2655 ut
983 2632 1048 2666 per
1061 2631 1141 2655 eam
1159 2632 1213 2655 res
1227 2620 1376 2656 visibilis
1387 2628 1632 2666 cog-noscatur
1649 2626 1685 2656 et
1701 2622 1885 2663 videatur;

610 2679 680 2726 hoc
697 2679 795 2712 enim
815 2678 1037 2724 impossibile
1054 2682 1121 2718 est,
1139 2683 1176 2713 et
1196 2679 1358 2713 otiosum
1379 2679 1410 2713 si
1433 2679 1484 2713 sie
1505 2684 1623 2713 esset:
1661 2678 1885 2724 impossibile

608 2735 769 2780 quidem,
787 2741 934 2780 propter
952 2735 1110 2771 rationes
1130 2740 1248 2771 tactas
1270 2735 1316 2771 de
1339 2735 1452 2772 modo
1468 2736 1615 2771 videndi
1636 2747 1698 2782 per
1716 2735 1885 2772 reflexio·

610 2803 706 2834 nem,
732 2798 769 2826 et
793 2793 992 2828 secundum
1020 2793 1281 2837 proprietatem
1308 2793 1538 2834 reflexionie;
1574 2794 1732 2829 otiosum
1758 2801 1884 2830 autem

607 2855 706 2884 esset
735 2855 770 2884 et
799 2860 943 2892 vanum,
972 2851 1059 2895 quia
1092 2850 1225 2885 sufficit
1254 2849 1405 2885 reflexio
1434 2861 1496 2885 seu
1525 2850 1642 2885 forma
1669 2850 1817 2894 reflexa,
1843 2857 1885 2887 ut

609 2906 773 2953 perficiat
799 2907 974 2942 visionem
1001 2908 1048 2942 de
1074 2919 1112 2943 re
1137 2907 1281 2948 visibili,
1305 2914 1483 2957 quantum
1511 2902 1556 2943 ad
1585 2908 1678 2943 hanc
1705 2908 1885 2944 visionem
