<?xml version="1.0" encoding="UTF-8"?>
<!DOCTYPE html PUBLIC "-//W3C//DTD XHTML 1.0 Transitional//EN"
    "http://www.w3.org/TR/xhtml1/DTD/xhtml1-transitional.dtd">
<html xmlns="http://www.w3.org/1999/xhtml" xml:lang="en" lang="en">
 <head>
  <title>
</title>
<meta http-equiv="Content-Type" content="text/html;charset=utf-8" />
  <meta name='ocr-system' content='tesseract 3.04.00' />
  <meta name='ocr-capabilities' content='ocr_page ocr_carea ocr_par ocr_line ocrx_word'/>
</head>
<body>
  <div class='ocr_page' id='page_1' title='image "./opusmajusrogerb00bridgoog/opusmajusrogerb00bridgoog_0043.png"; bbox 0 0 2350 3580; ppageno 0'>
   <div class='ocr_carea' id='block_1_1' title="bbox 366 334 1514 592">
    <p class='ocr_par' dir='ltr' id='par_1_1' title="bbox 366 334 1514 592">
     <span class='ocr_line' id='line_1_1' title="bbox 366 334 1514 592; baseline 0 2988"><span class='ocrx_word' id='word_1_1' title='bbox 366 334 1514 592; x_wconf 95' lang='lat' dir='ltr'><strong> </strong></span> 
     </span>
    </p>
   </div>
   <div class='ocr_carea' id='block_1_2' title="bbox 370 339 1510 588">
    <p class='ocr_par' dir='ltr' id='par_1_2' title="bbox 370 339 1510 588">
     <span class='ocr_line' id='line_1_2' title="bbox 370 339 1510 588; baseline -0.003 0"><span class='ocrx_word' id='word_1_2' title='bbox 370 339 1510 588; x_wconf 90' lang='lat'><em>-</em></span> 
     </span>
     <span class='ocr_line' id='line_1_3' title="bbox 1508 436 1509 449; baseline 0 0"><span class='ocrx_word' id='word_1_3' title='bbox 1508 436 1509 449; x_wconf 72' lang='lat' dir='ltr'><strong>l</strong></span> 
     </span>
     <span class='ocr_line' id='line_1_4' title="bbox 1507 522 1510 533; baseline 0 0"><span class='ocrx_word' id='word_1_4' title='bbox 1507 522 1510 533; x_wconf 72' lang='lat' dir='ltr'><em>u</em></span> 
     </span>
    </p>
   </div>
   <div class='ocr_carea' id='block_1_3' title="bbox 651 749 1776 795">
    <p class='ocr_par' dir='ltr' id='par_1_3' title="bbox 651 749 1776 795">
     <span class='ocr_line' id='line_1_5' title="bbox 651 749 1776 795; baseline 0.002 -13"><span class='ocrx_word' id='word_1_5' title='bbox 651 749 1012 784; x_wconf 67' lang='lat' dir='ltr'><em>PERSPECTJVAE</em></span> <span class='ocrx_word' id='word_1_6' title='bbox 1039 749 1168 783; x_wconf 77' lang='lat' dir='ltr'><em>PARS</em></span> <span class='ocrx_word' id='word_1_7' title='bbox 1194 749 1348 782; x_wconf 70' lang='lat' dir='ltr'><em>PRIMA</em></span> <span class='ocrx_word' id='word_1_8' title='bbox 1360 760 1374 781; x_wconf 83' lang='grc'><strong>.-</strong></span> <span class='ocrx_word' id='word_1_9' title='bbox 1409 749 1533 784; x_wconf 75' lang='lat'><em>0137:</em></span> <span class='ocrx_word' id='word_1_10' title='bbox 1565 750 1603 783; x_wconf 74' lang='lat' dir='ltr'><strong>V.</strong></span> <span class='ocrx_word' id='word_1_11' title='bbox 1732 758 1776 795; x_wconf 76' lang='lat'><strong>31</strong></span> 
     </span>
    </p>
   </div>
   <div class='ocr_carea' id='block_1_4' title="bbox 483 839 1960 3037">
    <p class='ocr_par' dir='ltr' id='par_1_4' title="bbox 499 839 1960 1178">
     <span class='ocr_line' id='line_1_6' title="bbox 503 839 1897 888; baseline 0.001 -12"><span class='ocrx_word' id='word_1_12' title='bbox 503 839 556 877; x_wconf 91' lang='lat' dir='ltr'><strong>Et</strong></span> <span class='ocrx_word' id='word_1_13' title='bbox 589 841 708 888; x_wconf 85' lang='lat' dir='ltr'><strong>primo</strong></span> <span class='ocrx_word' id='word_1_14' title='bbox 740 841 1018 878; x_wconf 83' lang='lat' dir='ltr'><strong>determinanda</strong></span> <span class='ocrx_word' id='word_1_15' title='bbox 1048 845 1146 882; x_wconf 78' lang='lat' dir='ltr'><strong>sunt,</strong></span> <span class='ocrx_word' id='word_1_16' title='bbox 1180 851 1279 887; x_wconf 87' lang='lat' dir='ltr'><strong>quae</strong></span> <span class='ocrx_word' id='word_1_17' title='bbox 1309 841 1543 888; x_wconf 79' lang='lat' dir='ltr'><strong>requiruntur</strong></span> <span class='ocrx_word' id='word_1_18' title='bbox 1578 839 1627 878; x_wconf 80' lang='lat' dir='ltr'><strong>ad</strong></span> <span class='ocrx_word' id='word_1_19' title='bbox 1656 839 1776 878; x_wconf 83' lang='lat' dir='ltr'><strong>visum</strong></span> <span class='ocrx_word' id='word_1_20' title='bbox 1790 850 1852 886; x_wconf 67' lang='grc' dir='ltr'><strong>’,ψ</strong></span> <span class='ocrx_word' id='word_1_21' title='bbox 1865 843 1897 870; x_wconf 79' lang='lat' dir='ltr'><strong>of</strong></span> 
     </span>
     <span class='ocr_line' id='line_1_7' title="bbox 502 878 1928 944; baseline 0.002 -11"><span class='ocrx_word' id='word_1_22' title='bbox 502 897 638 935; x_wconf 82' lang='lat' dir='ltr'><strong>factum</strong></span> <span class='ocrx_word' id='word_1_23' title='bbox 656 910 721 944; x_wconf 87' lang='lat' dir='ltr'><strong>per</strong></span> <span class='ocrx_word' id='word_1_24' title='bbox 732 899 846 935; x_wconf 79' lang='lat' dir='ltr'><strong>lineas</strong></span> <span class='ocrx_word' id='word_1_25' title='bbox 863 904 991 936; x_wconf 80' lang='lat' dir='ltr'><strong>rectas.</strong></span> <span class='ocrx_word' id='word_1_26' title='bbox 1030 898 1193 935; x_wconf 87' lang='lat' dir='ltr'><strong>Primum</strong></span> <span class='ocrx_word' id='word_1_27' title='bbox 1205 903 1330 935; x_wconf 82' lang='lat' dir='ltr'><strong>autem</strong></span> <span class='ocrx_word' id='word_1_28' title='bbox 1343 899 1444 944; x_wconf 86' lang='lat' dir='ltr'><strong>quod</strong></span> <span class='ocrx_word' id='word_1_29' title='bbox 1457 898 1516 935; x_wconf 82' lang='lat' dir='ltr'><strong>hic</strong></span> <span class='ocrx_word' id='word_1_30' title='bbox 1528 898 1778 936; x_wconf 76' lang='lat' dir='ltr'>consideratur</span> <span class='ocrx_word' id='word_1_31' title='bbox 1790 878 1928 944; x_wconf 50' lang='lat' dir='ltr'><strong>25¹2?ss</strong></span> 
     </span>
     <span class='ocr_line' id='line_1_8' title="bbox 501 951 1960 1024; baseline -0.001 -32"><span class='ocrx_word' id='word_1_32' title='bbox 501 961 568 999; x_wconf 79' lang='lat' dir='ltr'><strong>est.</strong></span> <span class='ocrx_word' id='word_1_33' title='bbox 579 957 680 1002; x_wconf 88' lang='lat' dir='ltr'><strong>quod</strong></span> <span class='ocrx_word' id='word_1_34' title='bbox 692 956 793 992; x_wconf 78' lang='lat' dir='ltr'><strong>visus</strong></span> <span class='ocrx_word' id='word_1_35' title='bbox 808 955 947 1002; x_wconf 80' lang='lat' dir='ltr'>indiget</span> <span class='ocrx_word' id='word_1_36' title='bbox 958 956 1080 1002; x_wconf 79' lang='lat' dir='ltr'><strong>specie</strong></span> <span class='ocrx_word' id='word_1_37' title='bbox 1097 955 1145 991; x_wconf 86' lang='lat' dir='ltr'><strong>rei</strong></span> <span class='ocrx_word' id='word_1_38' title='bbox 1158 955 1316 998; x_wconf 77' lang='lat' dir='ltr'><strong>visibilis,</strong></span> <span class='ocrx_word' id='word_1_39' title='bbox 1326 967 1412 991; x_wconf 85' lang='lat' dir='ltr'><strong>narn</strong></span> <span class='ocrx_word' id='word_1_40' title='bbox 1425 955 1504 992; x_wconf 87' lang='lat' dir='ltr'><strong>sine</strong></span> <span class='ocrx_word' id='word_1_41' title='bbox 1513 956 1574 992; x_wconf 85' lang='lat' dir='ltr'><strong>illa</strong></span> <span class='ocrx_word' id='word_1_42' title='bbox 1590 967 1664 992; x_wconf 81' lang='lat' dir='ltr'><strong>non</strong></span> <span class='ocrx_word' id='word_1_43' title='bbox 1676 955 1777 992; x_wconf 87' lang='lat' dir='ltr'><strong>vide·</strong></span> <span class='ocrx_word' id='word_1_44' title='bbox 1788 951 1960 1024; x_wconf 47' lang='lat' dir='ltr'><strong>mim</strong></span> 
     </span>
     <span class='ocr_line' id='line_1_9' title="bbox 499 1012 1888 1061; baseline 0.002 -12"><span class='ocrx_word' id='word_1_45' title='bbox 499 1012 566 1054; x_wconf 87' lang='lat' dir='ltr'><strong>bit.</strong></span> <span class='ocrx_word' id='word_1_46' title='bbox 582 1014 785 1050; x_wconf 86' lang='lat' dir='ltr'><strong>secundum</strong></span> <span class='ocrx_word' id='word_1_47' title='bbox 801 1013 902 1060; x_wconf 89' lang='lat' dir='ltr'><strong>quod</strong></span> <span class='ocrx_word' id='word_1_48' title='bbox 919 1012 1141 1049; x_wconf 66' lang='lat' dir='ltr'><strong>Aristotele·</strong></span> <span class='ocrx_word' id='word_1_49' title='bbox 1157 1012 1245 1049; x_wconf 83' lang='lat' dir='ltr'><strong>dicit</strong></span> <span class='ocrx_word' id='word_1_50' title='bbox 1263 1012 1425 1050; x_wconf 82' lang='lat' dir='ltr'><strong>seeundo</strong></span> <span class='ocrx_word' id='word_1_51' title='bbox 1444 1013 1493 1050; x_wconf 88' lang='lat' dir='ltr'><strong>de</strong></span> <span class='ocrx_word' id='word_1_52' title='bbox 1507 1013 1656 1058; x_wconf 82' lang='lat' dir='ltr'><strong>Anima,</strong></span> <span class='ocrx_word' id='word_1_53' title='bbox 1673 1013 1774 1060; x_wconf 86' lang='lat' dir='ltr'><strong>quod</strong></span> <span class='ocrx_word' id='word_1_54' title='bbox 1788 1029 1818 1052; x_wconf 76' lang='grc' dir='ltr'><strong>ιο</strong></span> <span class='ocrx_word' id='word_1_55' title='bbox 1828 1032 1888 1061; x_wconf 73' lang='lat' dir='ltr'><strong>eye.</strong></span> 
     </span>
     <span class='ocr_line' id='line_1_10' title="bbox 499 1069 1775 1118; baseline 0 -11"><span class='ocrx_word' id='word_1_56' title='bbox 499 1071 748 1108; x_wconf 81' lang='lat' dir='ltr'><strong>universaliter</strong></span> <span class='ocrx_word' id='word_1_57' title='bbox 768 1082 896 1108; x_wconf 83' lang='lat' dir='ltr'><strong>sensus</strong></span> <span class='ocrx_word' id='word_1_58' title='bbox 910 1070 1061 1118; x_wconf 80' lang='lat' dir='ltr'>suscipit</span> <span class='ocrx_word' id='word_1_59' title='bbox 1074 1070 1215 1118; x_wconf 83' lang='lat' dir='ltr'><strong>species</strong></span> <span class='ocrx_word' id='word_1_60' title='bbox 1231 1070 1454 1108; x_wconf 78' lang='lat' dir='ltr'>sensibilium</span> <span class='ocrx_word' id='word_1_61' title='bbox 1477 1071 1526 1107; x_wconf 87' lang='lat' dir='ltr'><strong>ad</strong></span> <span class='ocrx_word' id='word_1_62' title='bbox 1546 1071 1629 1114; x_wconf 80' lang='lat' dir='ltr'><strong>hoe.</strong></span> <span class='ocrx_word' id='word_1_63' title='bbox 1646 1075 1688 1107; x_wconf 84' lang='lat' dir='ltr'><strong>ut</strong></span> <span class='ocrx_word' id='word_1_64' title='bbox 1709 1069 1775 1108; x_wconf 81' lang='lat' dir='ltr'><strong>fiat</strong></span> 
     </span>
     <span class='ocr_line' id='line_1_11' title="bbox 499 1128 1773 1178; baseline -0.002 -13"><span class='ocrx_word' id='word_1_65' title='bbox 499 1128 664 1175; x_wconf 84' lang='lat' dir='ltr'><strong>operatio</strong></span> <span class='ocrx_word' id='word_1_66' title='bbox 679 1129 869 1165; x_wconf 83' lang='lat' dir='ltr'><strong>sentiendi.</strong></span> <span class='ocrx_word' id='word_1_67' title='bbox 921 1129 1018 1164; x_wconf 87' lang='lat' dir='ltr'><strong>Item</strong></span> <span class='ocrx_word' id='word_1_68' title='bbox 1034 1133 1184 1175; x_wconf 85' lang='lat' dir='ltr'>oportet</span> <span class='ocrx_word' id='word_1_69' title='bbox 1201 1129 1342 1175; x_wconf 75' lang='lat' dir='ltr'><strong>patiens</strong></span> <span class='ocrx_word' id='word_1_70' title='bbox 1353 1129 1543 1165; x_wconf 82' lang='lat' dir='ltr'><strong>assimilari</strong></span> <span class='ocrx_word' id='word_1_71' title='bbox 1555 1140 1621 1178; x_wconf 89' lang='lat' dir='ltr'><strong>per</strong></span> <span class='ocrx_word' id='word_1_72' title='bbox 1636 1139 1749 1176; x_wconf 77' lang='lat' dir='ltr'><strong>agens</strong></span> <span class='ocrx_word' id='word_1_73' title='bbox 1763 1142 1773 1171; x_wconf 77' lang='grc' dir='ltr'>ς</span> 
     </span>
    </p>

    <p class='ocr_par' dir='ltr' id='par_1_5' title="bbox 497 1186 1775 1465">
     <span class='ocr_line' id='line_1_12' title="bbox 498 1186 1775 1233; baseline -0.001 -10"><span class='ocrx_word' id='word_1_74' title='bbox 498 1188 565 1223; x_wconf 82' lang='lat' dir='ltr'><strong>sed</strong></span> <span class='ocrx_word' id='word_1_75' title='bbox 582 1187 680 1223; x_wconf 78' lang='lat' dir='ltr'><strong>visus</strong></span> <span class='ocrx_word' id='word_1_76' title='bbox 697 1191 752 1223; x_wconf 66' lang='lat' dir='ltr'><strong>est</strong></span> <span class='ocrx_word' id='word_1_77' title='bbox 769 1187 883 1223; x_wconf 86' lang='lat' dir='ltr'><strong>virtus</strong></span> <span class='ocrx_word' id='word_1_78' title='bbox 900 1186 1053 1233; x_wconf 82' lang='lat' dir='ltr'><strong>passiva,</strong></span> <span class='ocrx_word' id='word_1_79' title='bbox 1072 1192 1114 1222; x_wconf 90' lang='lat' dir='ltr'><strong>ut</strong></span> <span class='ocrx_word' id='word_1_80' title='bbox 1130 1187 1292 1223; x_wconf 84' lang='lat' dir='ltr'><strong>ostendit</strong></span> <span class='ocrx_word' id='word_1_81' title='bbox 1309 1186 1532 1223; x_wconf 83' lang='lat' dir='ltr'><strong>Aristoteles</strong></span> <span class='ocrx_word' id='word_1_82' title='bbox 1547 1187 1710 1223; x_wconf 77' lang='lat' dir='ltr'><strong>seeundo</strong></span> <span class='ocrx_word' id='word_1_83' title='bbox 1727 1186 1775 1222; x_wconf 90' lang='lat' dir='ltr'><strong>de</strong></span> 
     </span>
     <span class='ocr_line' id='line_1_13' title="bbox 498 1243 1774 1291; baseline 0 -11"><span class='ocrx_word' id='word_1_84' title='bbox 498 1243 648 1288; x_wconf 84' lang='lat' dir='ltr'><strong>Anima,</strong></span> <span class='ocrx_word' id='word_1_85' title='bbox 672 1250 711 1281; x_wconf 90' lang='lat' dir='ltr'><strong>et</strong></span> <span class='ocrx_word' id='word_1_86' title='bbox 741 1244 826 1281; x_wconf 86' lang='lat' dir='ltr'><strong>ideo</strong></span> <span class='ocrx_word' id='word_1_87' title='bbox 858 1249 1008 1291; x_wconf 83' lang='lat' dir='ltr'><strong>oportet</strong></span> <span class='ocrx_word' id='word_1_88' title='bbox 1039 1244 1140 1291; x_wconf 89' lang='lat' dir='ltr'><strong>quod</strong></span> <span class='ocrx_word' id='word_1_89' title='bbox 1172 1244 1392 1281; x_wconf 78' lang='lat' dir='ltr'><strong>assimiletur</strong></span> <span class='ocrx_word' id='word_1_90' title='bbox 1421 1244 1555 1291; x_wconf 80' lang='lat' dir='ltr'><strong>agenti,</strong></span> <span class='ocrx_word' id='word_1_91' title='bbox 1581 1243 1681 1290; x_wconf 86' lang='lat' dir='ltr'><strong>quod</strong></span> <span class='ocrx_word' id='word_1_92' title='bbox 1716 1250 1774 1281; x_wconf 84' lang='lat' dir='ltr'><strong>est</strong></span> 
     </span>
     <span class='ocr_line' id='line_1_14' title="bbox 497 1302 1774 1349; baseline 0.002 -12"><span class='ocrx_word' id='word_1_93' title='bbox 497 1302 649 1339; x_wconf 79' lang='lat' dir='ltr'>visibile.</span> <span class='ocrx_word' id='word_1_94' title='bbox 700 1302 775 1339; x_wconf 85' lang='lat' dir='ltr'><strong>Sed</strong></span> <span class='ocrx_word' id='word_1_95' title='bbox 792 1302 994 1339; x_wconf 73' lang='lat' dir='ltr'><strong>similitudo</strong></span> <span class='ocrx_word' id='word_1_96' title='bbox 1010 1302 1153 1348; x_wconf 78' lang='lat' dir='ltr'><strong>agentis</strong></span> <span class='ocrx_word' id='word_1_97' title='bbox 1170 1313 1244 1339; x_wconf 82' lang='lat' dir='ltr'><strong>non</strong></span> <span class='ocrx_word' id='word_1_98' title='bbox 1261 1308 1316 1339; x_wconf 85' lang='lat' dir='ltr'><strong>est</strong></span> <span class='ocrx_word' id='word_1_99' title='bbox 1334 1302 1402 1339; x_wconf 80' lang='lat' dir='ltr'><strong>nisi</strong></span> <span class='ocrx_word' id='word_1_100' title='bbox 1421 1303 1571 1349; x_wconf 81' lang='lat' dir='ltr'><strong>species,</strong></span> <span class='ocrx_word' id='word_1_101' title='bbox 1589 1308 1630 1339; x_wconf 86' lang='lat' dir='ltr'><strong>ut</strong></span> <span class='ocrx_word' id='word_1_102' title='bbox 1646 1313 1774 1339; x_wconf 63' lang='lat' dir='ltr'><strong>omnes</strong></span> 
     </span>
     <span class='ocr_line' id='line_1_15' title="bbox 497 1359 1774 1406; baseline 0.001 -12"><span class='ocrx_word' id='word_1_103' title='bbox 497 1360 628 1395; x_wconf 84' lang='lat' dir='ltr'><strong>sciunt.</strong></span> <span class='ocrx_word' id='word_1_104' title='bbox 679 1359 775 1395; x_wconf 84' lang='lat' dir='ltr'><strong>Item</strong></span> <span class='ocrx_word' id='word_1_105' title='bbox 808 1371 866 1395; x_wconf 78' lang='lat' dir='ltr'><strong>res</strong></span> <span class='ocrx_word' id='word_1_106' title='bbox 895 1360 1063 1396; x_wconf 71' lang='lat' dir='ltr'><strong>continue</strong></span> <span class='ocrx_word' id='word_1_107' title='bbox 1089 1359 1175 1396; x_wconf 75' lang='lat' dir='ltr'><strong>facit</strong></span> <span class='ocrx_word' id='word_1_108' title='bbox 1199 1360 1359 1406; x_wconf 79' lang='lat' dir='ltr'><strong>speciem</strong></span> <span class='ocrx_word' id='word_1_109' title='bbox 1382 1360 1544 1406; x_wconf 85' lang='lat' dir='ltr'><strong>undique</strong></span> <span class='ocrx_word' id='word_1_110' title='bbox 1567 1360 1774 1395; x_wconf 76' lang='lat' dir='ltr'><strong>secundum</strong></span> 
     </span>
     <span class='ocr_line' id='line_1_16' title="bbox 498 1416 1774 1465; baseline 0.001 -13"><span class='ocrx_word' id='word_1_111' title='bbox 498 1428 627 1453; x_wconf 85' lang='lat' dir='ltr'><strong>omnes</strong></span> <span class='ocrx_word' id='word_1_112' title='bbox 644 1418 850 1454; x_wconf 77' lang='lat' dir='ltr'><strong>diametros.</strong></span> <span class='ocrx_word' id='word_1_113' title='bbox 901 1416 975 1454; x_wconf 88' lang='lat' dir='ltr'><strong>Sed</strong></span> <span class='ocrx_word' id='word_1_114' title='bbox 993 1429 1079 1453; x_wconf 88' lang='lat' dir='ltr'><strong>curn</strong></span> <span class='ocrx_word' id='word_1_115' title='bbox 1101 1416 1334 1454; x_wconf 75' lang='lat' dir='ltr'><strong>obstaculum</strong></span> <span class='ocrx_word' id='word_1_116' title='bbox 1359 1423 1415 1454; x_wconf 66' lang='lat' dir='ltr'><strong>aet</strong></span> <span class='ocrx_word' id='word_1_117' title='bbox 1434 1419 1527 1454; x_wconf 85' lang='lat' dir='ltr'><strong>inter</strong></span> <span class='ocrx_word' id='word_1_118' title='bbox 1542 1419 1703 1465; x_wconf 83' lang='lat' dir='ltr'><strong>speciem</strong></span> <span class='ocrx_word' id='word_1_119' title='bbox 1723 1417 1774 1453; x_wconf 89' lang='lat' dir='ltr'><strong>rei</strong></span> 
     </span>
    </p>

    <p class='ocr_par' dir='ltr' id='par_1_6' title="bbox 494 1474 1774 1811">
     <span class='ocr_line' id='line_1_17' title="bbox 498 1474 1772 1522; baseline 0.001 -12"><span class='ocrx_word' id='word_1_120' title='bbox 498 1481 536 1511; x_wconf 83' lang='lat' dir='ltr'><strong>et</strong></span> <span class='ocrx_word' id='word_1_121' title='bbox 560 1475 677 1511; x_wconf 82' lang='lat' dir='ltr'><strong>visum</strong></span> <span class='ocrx_word' id='word_1_122' title='bbox 704 1487 775 1512; x_wconf 88' lang='lat' dir='ltr'><strong>non</strong></span> <span class='ocrx_word' id='word_1_123' title='bbox 803 1474 845 1512; x_wconf 80' lang='lat' dir='ltr'><strong>fit</strong></span> <span class='ocrx_word' id='word_1_124' title='bbox 867 1475 978 1511; x_wconf 82' lang='lat' dir='ltr'><strong>visus.</strong></span> <span class='ocrx_word' id='word_1_125' title='bbox 1028 1475 1190 1522; x_wconf 83' lang='lat' dir='ltr'><strong>Quando</strong></span> <span class='ocrx_word' id='word_1_126' title='bbox 1214 1487 1303 1511; x_wconf 81' lang='lat' dir='ltr'><strong>vero</strong></span> <span class='ocrx_word' id='word_1_127' title='bbox 1327 1486 1437 1512; x_wconf 87' lang='lat' dir='ltr'><strong>omne</strong></span> <span class='ocrx_word' id='word_1_128' title='bbox 1466 1475 1772 1522; x_wconf 80' lang='lat' dir='ltr'><strong>impedimentum</strong></span> 
     </span>
     <span class='ocr_line' id='line_1_18' title="bbox 495 1532 1772 1581; baseline -0.001 -13"><span class='ocrx_word' id='word_1_129' title='bbox 495 1538 699 1577; x_wconf 85' lang='lat' dir='ltr'><strong>amovetur,</strong></span> <span class='ocrx_word' id='word_1_130' title='bbox 728 1538 769 1569; x_wconf 86' lang='lat' dir='ltr'><strong>ut</strong></span> <span class='ocrx_word' id='word_1_131' title='bbox 804 1533 943 1581; x_wconf 87' lang='lat' dir='ltr'><strong>species</strong></span> <span class='ocrx_word' id='word_1_132' title='bbox 974 1534 1023 1569; x_wconf 88' lang='lat' dir='ltr'><strong>ad</strong></span> <span class='ocrx_word' id='word_1_133' title='bbox 1058 1532 1208 1570; x_wconf 81' lang='lat' dir='ltr'><strong>oculum</strong></span> <span class='ocrx_word' id='word_1_134' title='bbox 1241 1533 1374 1577; x_wconf 85' lang='lat' dir='ltr'><strong>veniat,</strong></span> <span class='ocrx_word' id='word_1_135' title='bbox 1405 1537 1494 1570; x_wconf 86' lang='lat' dir='ltr'><strong>tunc</strong></span> <span class='ocrx_word' id='word_1_136' title='bbox 1527 1532 1672 1570; x_wconf 86' lang='lat' dir='ltr'><strong>videtur</strong></span> <span class='ocrx_word' id='word_1_137' title='bbox 1704 1544 1772 1568; x_wconf 79' lang='lat' dir='ltr'><strong>res.</strong></span> 
     </span>
     <span class='ocr_line' id='line_1_19' title="bbox 497 1589 1774 1638; baseline 0 -12"><span class='ocrx_word' id='word_1_138' title='bbox 497 1589 735 1638; x_wconf 79' lang='lat' dir='ltr'><strong>Quapropter</strong></span> <span class='ocrx_word' id='word_1_139' title='bbox 759 1595 918 1637; x_wconf 81' lang='lat' dir='ltr'><strong>oportet,</strong></span> <span class='ocrx_word' id='word_1_140' title='bbox 944 1591 1045 1636; x_wconf 87' lang='lat' dir='ltr'><strong>quod</strong></span> <span class='ocrx_word' id='word_1_141' title='bbox 1070 1591 1161 1627; x_wconf 83' lang='lat' dir='ltr'><strong>visio</strong></span> <span class='ocrx_word' id='word_1_142' title='bbox 1190 1591 1254 1626; x_wconf 84' lang='lat' dir='ltr'><strong>fiat</strong></span> <span class='ocrx_word' id='word_1_143' title='bbox 1280 1602 1347 1636; x_wconf 85' lang='lat' dir='ltr'><strong>per</strong></span> <span class='ocrx_word' id='word_1_144' title='bbox 1372 1591 1551 1637; x_wconf 77' lang='lat' dir='ltr'><strong>speciem;</strong></span> <span class='ocrx_word' id='word_1_145' title='bbox 1574 1591 1641 1626; x_wconf 84' lang='lat' dir='ltr'><strong>sed</strong></span> <span class='ocrx_word' id='word_1_146' title='bbox 1668 1602 1774 1637; x_wconf 83' lang='lat' dir='ltr'><strong>prae·</strong></span> 
     </span>
     <span class='ocr_line' id='line_1_20' title="bbox 495 1647 1774 1695; baseline 0.001 -12"><span class='ocrx_word' id='word_1_147' title='bbox 495 1648 601 1694; x_wconf 84' lang='lat' dir='ltr'><strong>cipue</strong></span> <span class='ocrx_word' id='word_1_148' title='bbox 639 1661 706 1695; x_wconf 84' lang='lat' dir='ltr'><strong>per</strong></span> <span class='ocrx_word' id='word_1_149' title='bbox 745 1648 903 1695; x_wconf 83' lang='lat' dir='ltr'><strong>speciem</strong></span> <span class='ocrx_word' id='word_1_150' title='bbox 942 1647 1041 1693; x_wconf 79' lang='lat' dir='ltr'><strong>lucis,</strong></span> <span class='ocrx_word' id='word_1_151' title='bbox 1074 1654 1112 1685; x_wconf 85' lang='lat' dir='ltr'><strong>et</strong></span> <span class='ocrx_word' id='word_1_152' title='bbox 1148 1647 1290 1685; x_wconf 81' lang='lat' dir='ltr'><strong>coloris.</strong></span> <span class='ocrx_word' id='word_1_153' title='bbox 1341 1647 1452 1695; x_wconf 84' lang='lat' dir='ltr'><strong>Quod</strong></span> <span class='ocrx_word' id='word_1_154' title='bbox 1494 1648 1589 1685; x_wconf 87' lang='lat' dir='ltr'><strong>enim</strong></span> <span class='ocrx_word' id='word_1_155' title='bbox 1634 1648 1774 1685; x_wconf 77' lang='lat' dir='ltr'><strong>colores</strong></span> 
     </span>
     <span class='ocr_line' id='line_1_21' title="bbox 495 1706 1773 1754; baseline 0.001 -12"><span class='ocrx_word' id='word_1_156' title='bbox 495 1710 697 1753; x_wconf 80' lang='lat' dir='ltr'><strong>operantur</strong></span> <span class='ocrx_word' id='word_1_157' title='bbox 715 1707 748 1743; x_wconf 89' lang='lat' dir='ltr'><strong>in</strong></span> <span class='ocrx_word' id='word_1_158' title='bbox 768 1707 895 1747; x_wconf 80' lang='lat' dir='ltr'><strong>visum.</strong></span> <span class='ocrx_word' id='word_1_159' title='bbox 913 1712 1017 1753; x_wconf 87' lang='lat' dir='ltr'><strong>patet</strong></span> <span class='ocrx_word' id='word_1_160' title='bbox 1033 1718 1099 1754; x_wconf 86' lang='lat' dir='ltr'><strong>per</strong></span> <span class='ocrx_word' id='word_1_161' title='bbox 1114 1707 1194 1749; x_wconf 82' lang='lat' dir='ltr'><strong>hoe,</strong></span> <span class='ocrx_word' id='word_1_162' title='bbox 1212 1707 1312 1754; x_wconf 84' lang='lat' dir='ltr'><strong>quod</strong></span> <span class='ocrx_word' id='word_1_163' title='bbox 1330 1718 1414 1743; x_wconf 81' lang='lat' dir='ltr'><strong>cum</strong></span> <span class='ocrx_word' id='word_1_164' title='bbox 1439 1707 1572 1754; x_wconf 87' lang='lat' dir='ltr'><strong>aliquis</strong></span> <span class='ocrx_word' id='word_1_165' title='bbox 1587 1706 1773 1754; x_wconf 72' lang='lat' dir='ltr'><strong>aspexerit</strong></span> 
     </span>
     <span class='ocr_line' id='line_1_22' title="bbox 494 1763 1773 1811; baseline 0.002 -13"><span class='ocrx_word' id='word_1_166' title='bbox 494 1763 706 1800; x_wconf 80' lang='lat' dir='ltr'><strong>viridarium</strong></span> <span class='ocrx_word' id='word_1_167' title='bbox 734 1764 872 1800; x_wconf 84' lang='lat' dir='ltr'><strong>multae</strong></span> <span class='ocrx_word' id='word_1_168' title='bbox 897 1764 1137 1810; x_wconf 77' lang='lat' dir='ltr'><strong>spissitudinis</strong></span> <span class='ocrx_word' id='word_1_169' title='bbox 1169 1765 1365 1800; x_wconf 83' lang='lat' dir='ltr'><strong>herbarum</strong></span> <span class='ocrx_word' id='word_1_170' title='bbox 1398 1776 1509 1811; x_wconf 54' lang='lat' dir='ltr'><strong>super*</strong></span> <span class='ocrx_word' id='word_1_171' title='bbox 1532 1765 1632 1811; x_wconf 85' lang='lat' dir='ltr'><strong>quod</strong></span> <span class='ocrx_word' id='word_1_172' title='bbox 1657 1764 1773 1800; x_wconf 86' lang='lat' dir='ltr'><strong>oritur</strong></span> 
     </span>
    </p>

    <p class='ocr_par' dir='ltr' id='par_1_7' title="bbox 494 1820 1769 1920">
     <span class='ocr_line' id='line_1_23' title="bbox 494 1820 1769 1869; baseline 0.002 -13"><span class='ocrx_word' id='word_1_173' title='bbox 494 1820 561 1857; x_wconf 80' lang='lat' dir='ltr'><strong>lux</strong></span> <span class='ocrx_word' id='word_1_174' title='bbox 577 1820 677 1866; x_wconf 74' lang='lat' dir='ltr'><strong>solis,</strong></span> <span class='ocrx_word' id='word_1_175' title='bbox 695 1827 732 1858; x_wconf 89' lang='lat' dir='ltr'><strong>et</strong></span> <span class='ocrx_word' id='word_1_176' title='bbox 750 1828 913 1858; x_wconf 89' lang='lat' dir='ltr'><strong>moretur</strong></span> <span class='ocrx_word' id='word_1_177' title='bbox 928 1823 963 1858; x_wconf 87' lang='lat' dir='ltr'><strong>in</strong></span> <span class='ocrx_word' id='word_1_178' title='bbox 981 1823 1194 1869; x_wconf 79' lang='lat' dir='ltr'><strong>aspiciendo</strong></span> <span class='ocrx_word' id='word_1_179' title='bbox 1208 1823 1339 1869; x_wconf 81' lang='lat' dir='ltr'><strong>ipsum,</strong></span> <span class='ocrx_word' id='word_1_180' title='bbox 1350 1823 1485 1858; x_wconf 83' lang='lat' dir='ltr'><strong>deinde</strong></span> <span class='ocrx_word' id='word_1_181' title='bbox 1496 1822 1638 1858; x_wconf 80' lang='lat' dir='ltr'><strong>auferat</strong></span> <span class='ocrx_word' id='word_1_182' title='bbox 1652 1823 1769 1858; x_wconf 79' lang='lat' dir='ltr'><strong>visum</strong></span> 
     </span>
     <span class='ocr_line' id='line_1_24' title="bbox 494 1879 1769 1920; baseline 0.002 -6"><span class='ocrx_word' id='word_1_183' title='bbox 494 1890 604 1915; x_wconf 85' lang='lat' dir='ltr'><strong>suurn</strong></span> <span class='ocrx_word' id='word_1_184' title='bbox 627 1885 665 1915; x_wconf 89' lang='lat' dir='ltr'><strong>et</strong></span> <span class='ocrx_word' id='word_1_185' title='bbox 687 1884 877 1916; x_wconf 87' lang='lat' dir='ltr'><strong>convertat</strong></span> <span class='ocrx_word' id='word_1_186' title='bbox 901 1892 986 1916; x_wconf 85' lang='lat' dir='ltr'><strong>eum</strong></span> <span class='ocrx_word' id='word_1_187' title='bbox 1008 1882 1058 1917; x_wconf 89' lang='lat' dir='ltr'><strong>ad</strong></span> <span class='ocrx_word' id='word_1_188' title='bbox 1085 1879 1208 1916; x_wconf 78' lang='lat' dir='ltr'><strong>locum</strong></span> <span class='ocrx_word' id='word_1_189' title='bbox 1234 1880 1442 1920; x_wconf 83' lang='lat' dir='ltr'><strong>obscurum,</strong></span> <span class='ocrx_word' id='word_1_190' title='bbox 1461 1879 1618 1916; x_wconf 84' lang='lat' dir='ltr'><strong>inveniet</strong></span> <span class='ocrx_word' id='word_1_191' title='bbox 1643 1880 1678 1916; x_wconf 87' lang='lat' dir='ltr'><strong>in</strong></span> <span class='ocrx_word' id='word_1_192' title='bbox 1705 1879 1769 1916; x_wconf 83' lang='lat' dir='ltr'><strong>illo</strong></span> 
     </span>
    </p>

    <p class='ocr_par' dir='ltr' id='par_1_8' title="bbox 492 1935 1769 1975">
     <span class='ocr_line' id='line_1_25' title="bbox 492 1935 1769 1975; baseline 0.002 -3"><span class='ocrx_word' id='word_1_193' title='bbox 492 1935 576 1972; x_wconf 85' lang='lat' dir='ltr'><strong>loco</strong></span> <span class='ocrx_word' id='word_1_194' title='bbox 593 1937 748 1974; x_wconf 80' lang='lat' dir='ltr'><strong>obscuro</strong></span> <span class='ocrx_word' id='word_1_195' title='bbox 766 1937 920 1974; x_wconf 82' lang='lat' dir='ltr'><strong>formam</strong></span> <span class='ocrx_word' id='word_1_196' title='bbox 941 1937 1034 1974; x_wconf 79' lang='lat' dir='ltr'><strong>illius</strong></span> <span class='ocrx_word' id='word_1_197' title='bbox 1050 1937 1141 1974; x_wconf 80' lang='lat' dir='ltr'><strong>lucis</strong></span> <span class='ocrx_word' id='word_1_198' title='bbox 1165 1937 1367 1974; x_wconf 83' lang='lat' dir='ltr'><strong>coloratam</strong></span> <span class='ocrx_word' id='word_1_199' title='bbox 1392 1950 1414 1975; x_wconf 86' lang='lat' dir='ltr'><strong>a</strong></span> <span class='ocrx_word' id='word_1_200' title='bbox 1430 1938 1547 1974; x_wconf 81' lang='lat' dir='ltr'><strong>virore</strong></span> <span class='ocrx_word' id='word_1_201' title='bbox 1564 1936 1769 1974; x_wconf 77' lang='lat' dir='ltr'><strong>herbarum.</strong></span> 
     </span>
    </p>

    <p class='ocr_par' dir='ltr' id='par_1_9' title="bbox 495 1994 1770 2043">
     <span class='ocr_line' id='line_1_26' title="bbox 495 1994 1770 2043; baseline 0.001 -13"><span class='ocrx_word' id='word_1_202' title='bbox 495 1994 547 2030; x_wconf 89' lang='lat' dir='ltr'><strong>Et</strong></span> <span class='ocrx_word' id='word_1_203' title='bbox 564 1995 594 2030; x_wconf 85' lang='lat' dir='ltr'><strong>si</strong></span> <span class='ocrx_word' id='word_1_204' title='bbox 610 1994 646 2030; x_wconf 88' lang='lat' dir='ltr'><strong>in</strong></span> <span class='ocrx_word' id='word_1_205' title='bbox 662 1995 732 2030; x_wconf 86' lang='lat' dir='ltr'><strong>hac</strong></span> <span class='ocrx_word' id='word_1_206' title='bbox 746 1995 987 2040; x_wconf 82' lang='lat' dir='ltr'><strong>dispositione</strong></span> <span class='ocrx_word' id='word_1_207' title='bbox 999 1996 1187 2043; x_wconf 74' lang='lat' dir='ltr'><strong>aspexerit</strong></span> <span class='ocrx_word' id='word_1_208' title='bbox 1199 1996 1354 2031; x_wconf 82' lang='lat' dir='ltr'><strong>visibilia</strong></span> <span class='ocrx_word' id='word_1_209' title='bbox 1372 1996 1456 2031; x_wconf 87' lang='lat' dir='ltr'><strong>alba</strong></span> <span class='ocrx_word' id='word_1_210' title='bbox 1474 1997 1511 2031; x_wconf 87' lang='lat' dir='ltr'><strong>in</strong></span> <span class='ocrx_word' id='word_1_211' title='bbox 1525 1996 1665 2038; x_wconf 85' lang='lat' dir='ltr'><strong>umbra,</strong></span> <span class='ocrx_word' id='word_1_212' title='bbox 1678 2000 1715 2031; x_wconf 91' lang='lat' dir='ltr'><strong>et</strong></span> <span class='ocrx_word' id='word_1_213' title='bbox 1733 1995 1770 2031; x_wconf 87' lang='lat' dir='ltr'><strong>in</strong></span> 
     </span>
    </p>

    <p class='ocr_par' dir='ltr' id='par_1_10' title="bbox 493 2051 1769 2094">
     <span class='ocr_line' id='line_1_27' title="bbox 493 2051 1769 2094; baseline 0.001 -6"><span class='ocrx_word' id='word_1_214' title='bbox 493 2051 576 2088; x_wconf 82' lang='lat' dir='ltr'><strong>loco</strong></span> <span class='ocrx_word' id='word_1_215' title='bbox 593 2052 724 2089; x_wconf 83' lang='lat' dir='ltr'><strong>debilis</strong></span> <span class='ocrx_word' id='word_1_216' title='bbox 741 2054 841 2094; x_wconf 52' lang='lat' dir='ltr'><strong>lucia</strong></span> <span class='ocrx_word' id='word_1_217' title='bbox 857 2054 1014 2089; x_wconf 80' lang='lat' dir='ltr'><strong>inveniet</strong></span> <span class='ocrx_word' id='word_1_218' title='bbox 1032 2054 1174 2090; x_wconf 81' lang='lat' dir='ltr'><strong>colores</strong></span> <span class='ocrx_word' id='word_1_219' title='bbox 1192 2065 1312 2089; x_wconf 82' lang='lat' dir='ltr'><strong>rerum</strong></span> <span class='ocrx_word' id='word_1_220' title='bbox 1332 2054 1518 2090; x_wconf 83' lang='lat' dir='ltr'><strong>admixtos</strong></span> <span class='ocrx_word' id='word_1_221' title='bbox 1541 2065 1626 2089; x_wconf 86' lang='lat' dir='ltr'><strong>cum</strong></span> <span class='ocrx_word' id='word_1_222' title='bbox 1643 2052 1769 2089; x_wconf 77' lang='lat' dir='ltr'><strong>virore.</strong></span> 
     </span>
    </p>

    <p class='ocr_par' dir='ltr' id='par_1_11' title="bbox 489 2109 1769 2390">
     <span class='ocr_line' id='line_1_28' title="bbox 494 2109 1767 2154; baseline 0 -7"><span class='ocrx_word' id='word_1_223' title='bbox 494 2109 547 2147; x_wconf 81' lang='lat' dir='ltr'><strong>Et</strong></span> <span class='ocrx_word' id='word_1_224' title='bbox 566 2111 597 2147; x_wconf 84' lang='lat' dir='ltr'><strong>si</strong></span> <span class='ocrx_word' id='word_1_225' title='bbox 618 2110 786 2148; x_wconf 82' lang='lat' dir='ltr'><strong>clauserit</strong></span> <span class='ocrx_word' id='word_1_226' title='bbox 810 2111 959 2147; x_wconf 86' lang='lat' dir='ltr'><strong>oculum</strong></span> <span class='ocrx_word' id='word_1_227' title='bbox 986 2117 1023 2148; x_wconf 91' lang='lat' dir='ltr'><strong>et</strong></span> <span class='ocrx_word' id='word_1_228' title='bbox 1045 2111 1152 2148; x_wconf 78' lang='lat' dir='ltr'><strong>suerit</strong></span> <span class='ocrx_word' id='word_1_229' title='bbox 1169 2112 1316 2147; x_wconf 76' lang='lat' dir='ltr'><strong>intuens</strong></span> <span class='ocrx_word' id='word_1_230' title='bbox 1340 2112 1376 2147; x_wconf 83' lang='lat' dir='ltr'><strong>in</strong></span> <span class='ocrx_word' id='word_1_231' title='bbox 1393 2122 1447 2154; x_wconf 87' lang='lat' dir='ltr'><strong>eo,</strong></span> <span class='ocrx_word' id='word_1_232' title='bbox 1465 2110 1623 2147; x_wconf 79' lang='lat' dir='ltr'><strong>inveniet</strong></span> <span class='ocrx_word' id='word_1_233' title='bbox 1645 2110 1682 2147; x_wconf 80' lang='lat' dir='ltr'><strong>in</strong></span> <span class='ocrx_word' id='word_1_234' title='bbox 1698 2122 1767 2147; x_wconf 84' lang='lat' dir='ltr'><strong>suo</strong></span> 
     </span>
     <span class='ocr_line' id='line_1_29' title="bbox 493 2167 1769 2206; baseline 0 -1"><span class='ocrx_word' id='word_1_235' title='bbox 493 2167 601 2205; x_wconf 86' lang='lat' dir='ltr'><strong>oculo</strong></span> <span class='ocrx_word' id='word_1_236' title='bbox 626 2169 781 2205; x_wconf 78' lang='lat' dir='ltr'><strong>formam</strong></span> <span class='ocrx_word' id='word_1_237' title='bbox 808 2169 899 2206; x_wconf 76' lang='lat' dir='ltr'><strong>lucis</strong></span> <span class='ocrx_word' id='word_1_238' title='bbox 923 2180 1008 2206; x_wconf 86' lang='lat' dir='ltr'><strong>curn</strong></span> <span class='ocrx_word' id='word_1_239' title='bbox 1037 2169 1162 2206; x_wconf 80' lang='lat' dir='ltr'><strong>virore.</strong></span> <span class='ocrx_word' id='word_1_240' title='bbox 1216 2169 1267 2205; x_wconf 84' lang='lat' dir='ltr'><strong>Et</strong></span> <span class='ocrx_word' id='word_1_241' title='bbox 1301 2169 1432 2206; x_wconf 82' lang='lat' dir='ltr'><strong>eodem</strong></span> <span class='ocrx_word' id='word_1_242' title='bbox 1467 2170 1580 2205; x_wconf 79' lang='lat' dir='ltr'><strong>modo</strong></span> <span class='ocrx_word' id='word_1_243' title='bbox 1612 2169 1769 2205; x_wconf 82' lang='lat' dir='ltr'><strong>inveniet</strong></span> 
     </span>
     <span class='ocr_line' id='line_1_30' title="bbox 490 2225 1767 2272; baseline -0.001 -10"><span class='ocrx_word' id='word_1_244' title='bbox 490 2226 701 2272; x_wconf 73' lang='lat' dir='ltr'><strong>hujusmodi</strong></span> <span class='ocrx_word' id='word_1_245' title='bbox 735 2226 997 2270; x_wconf 79' lang='lat' dir='ltr'><strong>alterationem,</strong></span> <span class='ocrx_word' id='word_1_246' title='bbox 1026 2227 1057 2262; x_wconf 90' lang='lat' dir='ltr'><strong>si</strong></span> <span class='ocrx_word' id='word_1_247' title='bbox 1089 2227 1274 2272; x_wconf 82' lang='lat' dir='ltr'><strong>aspexerit</strong></span> <span class='ocrx_word' id='word_1_248' title='bbox 1305 2227 1468 2262; x_wconf 81' lang='lat' dir='ltr'><strong>colorem</strong></span> <span class='ocrx_word' id='word_1_249' title='bbox 1502 2225 1683 2262; x_wconf 87' lang='lat' dir='ltr'><strong>lazuleum</strong></span> <span class='ocrx_word' id='word_1_250' title='bbox 1709 2225 1767 2262; x_wconf 85' lang='lat' dir='ltr'><strong>vel</strong></span> 
     </span>
     <span class='ocr_line' id='line_1_31' title="bbox 490 2284 1769 2331; baseline -0.001 -11"><span class='ocrx_word' id='word_1_251' title='bbox 490 2295 726 2331; x_wconf 84' lang='lat' dir='ltr'><strong>purpureum,</strong></span> <span class='ocrx_word' id='word_1_252' title='bbox 759 2284 817 2320; x_wconf 85' lang='lat' dir='ltr'><strong>vel</strong></span> <span class='ocrx_word' id='word_1_253' title='bbox 850 2285 962 2320; x_wconf 82' lang='lat' dir='ltr'><strong>alium</strong></span> <span class='ocrx_word' id='word_1_254' title='bbox 1001 2284 1163 2320; x_wconf 87' lang='lat' dir='ltr'><strong>colorem</strong></span> <span class='ocrx_word' id='word_1_255' title='bbox 1200 2285 1343 2328; x_wconf 76' lang='lat' dir='ltr'><strong>fortem,</strong></span> <span class='ocrx_word' id='word_1_256' title='bbox 1379 2289 1419 2320; x_wconf 87' lang='lat' dir='ltr'><strong>ut</strong></span> <span class='ocrx_word' id='word_1_257' title='bbox 1452 2285 1604 2330; x_wconf 83' lang='lat' dir='ltr'><strong>quilibet</strong></span> <span class='ocrx_word' id='word_1_258' title='bbox 1644 2288 1769 2330; x_wconf 67' lang='lat' dir='ltr'><strong>potest</strong></span> 
     </span>
     <span class='ocr_line' id='line_1_32' title="bbox 489 2340 1768 2390; baseline 0 -12"><span class='ocrx_word' id='word_1_259' title='bbox 489 2341 659 2388; x_wconf 85' lang='lat' dir='ltr'><strong>experiri.</strong></span> <span class='ocrx_word' id='word_1_260' title='bbox 710 2341 812 2390; x_wconf 84' lang='lat' dir='ltr'><strong>Ergo</strong></span> <span class='ocrx_word' id='word_1_261' title='bbox 837 2347 983 2388; x_wconf 85' lang='lat' dir='ltr'><strong>oportet</strong></span> <span class='ocrx_word' id='word_1_262' title='bbox 1008 2342 1108 2388; x_wconf 87' lang='lat' dir='ltr'><strong>quod</strong></span> <span class='ocrx_word' id='word_1_263' title='bbox 1134 2341 1236 2378; x_wconf 81' lang='lat' dir='ltr'><strong>color</strong></span> <span class='ocrx_word' id='word_1_264' title='bbox 1256 2347 1430 2389; x_wconf 83' lang='lat' dir='ltr'><strong>operetur</strong></span> <span class='ocrx_word' id='word_1_265' title='bbox 1452 2342 1489 2378; x_wconf 83' lang='lat' dir='ltr'><strong>in</strong></span> <span class='ocrx_word' id='word_1_266' title='bbox 1511 2342 1641 2378; x_wconf 80' lang='lat' dir='ltr'><strong>visum.</strong></span> <span class='ocrx_word' id='word_1_267' title='bbox 1691 2340 1768 2378; x_wconf 89' lang='lat' dir='ltr'><strong>Sed</strong></span> 
     </span>
    </p>

    <p class='ocr_par' dir='ltr' id='par_1_12' title="bbox 486 2398 1768 2730">
     <span class='ocr_line' id='line_1_33' title="bbox 489 2398 1768 2447; baseline 0 -13"><span class='ocrx_word' id='word_1_268' title='bbox 489 2399 559 2434; x_wconf 87' lang='lat' dir='ltr'><strong>lux</strong></span> <span class='ocrx_word' id='word_1_269' title='bbox 593 2399 731 2446; x_wconf 75' lang='lat' dir='ltr'><strong>magi33</strong></span> <span class='ocrx_word' id='word_1_270' title='bbox 772 2401 946 2447; x_wconf 79' lang='lat' dir='ltr'><strong>quoniam</strong></span> <span class='ocrx_word' id='word_1_271' title='bbox 970 2400 1173 2436; x_wconf 84' lang='lat' dir='ltr'><strong>secundum</strong></span> <span class='ocrx_word' id='word_1_272' title='bbox 1208 2399 1456 2436; x_wconf 77' lang='lat' dir='ltr'><strong>diversitatem</strong></span> <span class='ocrx_word' id='word_1_273' title='bbox 1496 2398 1584 2436; x_wconf 85' lang='lat' dir='ltr'><strong>lucis</strong></span> <span class='ocrx_word' id='word_1_274' title='bbox 1621 2398 1768 2435; x_wconf 80' lang='lat' dir='ltr'><strong>orientis</strong></span> 
     </span>
     <span class='ocr_line' id='line_1_34' title="bbox 488 2454 1767 2503; baseline 0 -10"><span class='ocrx_word' id='word_1_275' title='bbox 488 2468 601 2503; x_wconf 80' lang='lat' dir='ltr'><strong>super</strong></span> <span class='ocrx_word' id='word_1_276' title='bbox 616 2457 735 2493; x_wconf 79' lang='lat' dir='ltr'><strong>visum</strong></span> <span class='ocrx_word' id='word_1_277' title='bbox 759 2463 797 2493; x_wconf 87' lang='lat' dir='ltr'><strong>et</strong></span> <span class='ocrx_word' id='word_1_278' title='bbox 817 2456 986 2500; x_wconf 78' lang='lat' dir='ltr'><strong>visibilia,</strong></span> <span class='ocrx_word' id='word_1_279' title='bbox 1006 2458 1138 2493; x_wconf 84' lang='lat' dir='ltr'><strong>accidit</strong></span> <span class='ocrx_word' id='word_1_280' title='bbox 1159 2457 1350 2493; x_wconf 76' lang='lat' dir='ltr'><strong>diversitas</strong></span> <span class='ocrx_word' id='word_1_281' title='bbox 1371 2456 1521 2493; x_wconf 81' lang='lat' dir='ltr'><strong>visionis</strong></span> <span class='ocrx_word' id='word_1_282' title='bbox 1544 2457 1579 2492; x_wconf 89' lang='lat' dir='ltr'><strong>in</strong></span> <span class='ocrx_word' id='word_1_283' title='bbox 1605 2454 1767 2502; x_wconf 78' lang='lat' dir='ltr'><strong>singulis.</strong></span> 
     </span>
     <span class='ocr_line' id='line_1_35' title="bbox 489 2513 1767 2555; baseline -0.001 -4"><span class='ocrx_word' id='word_1_284' title='bbox 489 2514 590 2551; x_wconf 83' lang='lat' dir='ltr'><strong>Nam</strong></span> <span class='ocrx_word' id='word_1_285' title='bbox 609 2515 677 2551; x_wconf 88' lang='lat' dir='ltr'><strong>lux</strong></span> <span class='ocrx_word' id='word_1_286' title='bbox 693 2515 852 2551; x_wconf 88' lang='lat' dir='ltr'><strong>multum</strong></span> <span class='ocrx_word' id='word_1_287' title='bbox 870 2515 1054 2551; x_wconf 79' lang='lat' dir='ltr'><strong>excellens</strong></span> <span class='ocrx_word' id='word_1_288' title='bbox 1074 2515 1236 2552; x_wconf 82' lang='lat' dir='ltr'><strong>occultat</strong></span> <span class='ocrx_word' id='word_1_289' title='bbox 1253 2515 1409 2552; x_wconf 78' lang='lat' dir='ltr'><strong>visibilia</strong></span> <span class='ocrx_word' id='word_1_290' title='bbox 1429 2519 1583 2555; x_wconf 82' lang='lat' dir='ltr'><strong>caetera.</strong></span> <span class='ocrx_word' id='word_1_291' title='bbox 1601 2520 1638 2551; x_wconf 86' lang='lat' dir='ltr'><strong>et</strong></span> <span class='ocrx_word' id='word_1_292' title='bbox 1656 2513 1767 2551; x_wconf 78' lang='lat' dir='ltr'><strong>etiam</strong></span> 
     </span>
     <span class='ocr_line' id='line_1_36' title="bbox 488 2571 1768 2619; baseline -0.002 -10"><span class='ocrx_word' id='word_1_293' title='bbox 488 2572 606 2610; x_wconf 87' lang='lat' dir='ltr'><strong>laedit</strong></span> <span class='ocrx_word' id='word_1_294' title='bbox 629 2578 667 2610; x_wconf 86' lang='lat' dir='ltr'><strong>et</strong></span> <span class='ocrx_word' id='word_1_295' title='bbox 691 2578 821 2619; x_wconf 81' lang='lat' dir='ltr'><strong>gravat</strong></span> <span class='ocrx_word' id='word_1_296' title='bbox 848 2573 979 2616; x_wconf 81' lang='lat' dir='ltr'><strong>visum.</strong></span> <span class='ocrx_word' id='word_1_297' title='bbox 1003 2579 1041 2609; x_wconf 86' lang='lat' dir='ltr'><strong>et</strong></span> <span class='ocrx_word' id='word_1_298' title='bbox 1065 2573 1234 2609; x_wconf 85' lang='lat' dir='ltr'><strong>debilitat</strong></span> <span class='ocrx_word' id='word_1_299' title='bbox 1265 2574 1445 2610; x_wconf 83' lang='lat' dir='ltr'><strong>actionem</strong></span> <span class='ocrx_word' id='word_1_300' title='bbox 1471 2573 1628 2609; x_wconf 82' lang='lat' dir='ltr'><strong>videndi.</strong></span> <span class='ocrx_word' id='word_1_301' title='bbox 1678 2571 1768 2609; x_wconf 83' lang='lat' dir='ltr'><strong>Lux</strong></span> 
     </span>
     <span class='ocr_line' id='line_1_37' title="bbox 486 2630 1768 2678; baseline 0 -12"><span class='ocrx_word' id='word_1_302' title='bbox 486 2641 577 2666; x_wconf 80' lang='lat' dir='ltr'><strong>vero</strong></span> <span class='ocrx_word' id='word_1_303' title='bbox 599 2630 708 2666; x_wconf 86' lang='lat' dir='ltr'><strong>valde</strong></span> <span class='ocrx_word' id='word_1_304' title='bbox 732 2631 863 2666; x_wconf 84' lang='lat' dir='ltr'><strong>debilis</strong></span> <span class='ocrx_word' id='word_1_305' title='bbox 897 2642 970 2666; x_wconf 86' lang='lat' dir='ltr'><strong>non</strong></span> <span class='ocrx_word' id='word_1_306' title='bbox 1006 2631 1177 2666; x_wconf 81' lang='lat' dir='ltr'><strong>immutat</strong></span> <span class='ocrx_word' id='word_1_307' title='bbox 1210 2631 1327 2666; x_wconf 79' lang='lat' dir='ltr'><strong>visum</strong></span> <span class='ocrx_word' id='word_1_308' title='bbox 1363 2635 1404 2666; x_wconf 89' lang='lat' dir='ltr'><strong>ut</strong></span> <span class='ocrx_word' id='word_1_309' title='bbox 1429 2635 1578 2678; x_wconf 84' lang='lat' dir='ltr'><strong>oportet</strong></span> <span class='ocrx_word' id='word_1_310' title='bbox 1611 2641 1676 2666; x_wconf 86' lang='lat' dir='ltr'><strong>nec</strong></span> <span class='ocrx_word' id='word_1_311' title='bbox 1711 2641 1768 2665; x_wconf 68' lang='lat' dir='ltr'><strong>ree</strong></span> 
     </span>
     <span class='ocr_line' id='line_1_38' title="bbox 488 2686 1766 2730; baseline -0.001 -7"><span class='ocrx_word' id='word_1_312' title='bbox 488 2686 637 2724; x_wconf 83' lang='lat' dir='ltr'><strong>revelat.</strong></span> <span class='ocrx_word' id='word_1_313' title='bbox 687 2689 776 2724; x_wconf 88' lang='lat' dir='ltr'><strong>Lux</strong></span> <span class='ocrx_word' id='word_1_314' title='bbox 792 2700 881 2724; x_wconf 85' lang='lat' dir='ltr'><strong>vero</strong></span> <span class='ocrx_word' id='word_1_315' title='bbox 906 2688 1101 2724; x_wconf 83' lang='lat' dir='ltr'><strong>mediocris</strong></span> <span class='ocrx_word' id='word_1_316' title='bbox 1123 2688 1310 2724; x_wconf 80' lang='lat' dir='ltr'><strong>confortat</strong></span> <span class='ocrx_word' id='word_1_317' title='bbox 1330 2689 1447 2724; x_wconf 85' lang='lat' dir='ltr'><strong>visum</strong></span> <span class='ocrx_word' id='word_1_318' title='bbox 1473 2688 1507 2724; x_wconf 90' lang='lat' dir='ltr'><strong>in</strong></span> <span class='ocrx_word' id='word_1_319' title='bbox 1530 2686 1673 2723; x_wconf 85' lang='lat' dir='ltr'><strong>actione</strong></span> <span class='ocrx_word' id='word_1_320' title='bbox 1688 2698 1766 2730; x_wconf 80' lang='lat' dir='ltr'><strong>sua,</strong></span> 
     </span>
    </p>

    <p class='ocr_par' dir='ltr' id='par_1_13' title="bbox 483 2744 1768 3037">
     <span class='ocr_line' id='line_1_39' title="bbox 487 2744 1768 2793; baseline -0.001 -11"><span class='ocrx_word' id='word_1_321' title='bbox 487 2750 526 2782; x_wconf 82' lang='lat' dir='ltr'><strong>et</strong></span> <span class='ocrx_word' id='word_1_322' title='bbox 542 2757 601 2782; x_wconf 83' lang='lat' dir='ltr'><strong>res</strong></span> <span class='ocrx_word' id='word_1_323' title='bbox 617 2745 782 2782; x_wconf 87' lang='lat' dir='ltr'><strong>denudat</strong></span> <span class='ocrx_word' id='word_1_324' title='bbox 799 2745 1028 2781; x_wconf 79' lang='lat' dir='ltr'><strong>sufficienter.</strong></span> <span class='ocrx_word' id='word_1_325' title='bbox 1079 2744 1319 2792; x_wconf 80' lang='lat' dir='ltr'><strong>Quapropter</strong></span> <span class='ocrx_word' id='word_1_326' title='bbox 1334 2745 1474 2793; x_wconf 80' lang='lat' dir='ltr'><strong>species</strong></span> <span class='ocrx_word' id='word_1_327' title='bbox 1498 2745 1587 2781; x_wconf 85' lang='lat' dir='ltr'><strong>lucis</strong></span> <span class='ocrx_word' id='word_1_328' title='bbox 1605 2744 1768 2781; x_wconf 85' lang='lat' dir='ltr'><strong>maxime</strong></span> 
     </span>
     <span class='ocr_line' id='line_1_40' title="bbox 487 2802 1765 2849; baseline -0.001 -11"><span class='ocrx_word' id='word_1_329' title='bbox 487 2803 681 2849; x_wconf 85' lang='lat' dir='ltr'><strong>requiritur</strong></span> <span class='ocrx_word' id='word_1_330' title='bbox 697 2804 746 2839; x_wconf 88' lang='lat' dir='ltr'><strong>ad</strong></span> <span class='ocrx_word' id='word_1_331' title='bbox 764 2803 895 2839; x_wconf 75' lang='lat' dir='ltr'><strong>visum.</strong></span> <span class='ocrx_word' id='word_1_332' title='bbox 947 2803 997 2838; x_wconf 82' lang='lat' dir='ltr'><strong>Et</strong></span> <span class='ocrx_word' id='word_1_333' title='bbox 1017 2803 1148 2838; x_wconf 79' lang='lat' dir='ltr'><strong>iterum</strong></span> <span class='ocrx_word' id='word_1_334' title='bbox 1167 2814 1234 2839; x_wconf 83' lang='lat' dir='ltr'><strong>nos</strong></span> <span class='ocrx_word' id='word_1_335' title='bbox 1248 2803 1425 2844; x_wconf 81' lang='lat' dir='ltr'><strong>videmus,</strong></span> <span class='ocrx_word' id='word_1_336' title='bbox 1443 2803 1543 2849; x_wconf 86' lang='lat' dir='ltr'><strong>quod</strong></span> <span class='ocrx_word' id='word_1_337' title='bbox 1563 2802 1765 2838; x_wconf 82' lang='lat' dir='ltr'><strong>secundum</strong></span> 
     </span>
     <span class='ocr_line' id='line_1_41' title="bbox 485 2860 1767 2906; baseline -0.001 -10"><span class='ocrx_word' id='word_1_338' title='bbox 485 2861 735 2897; x_wconf 74' lang='lat' dir='ltr'><strong>diversitatem</strong></span> <span class='ocrx_word' id='word_1_339' title='bbox 752 2872 860 2896; x_wconf 82' lang='lat' dir='ltr'><strong>casus</strong></span> <span class='ocrx_word' id='word_1_340' title='bbox 883 2860 974 2896; x_wconf 83' lang='lat' dir='ltr'><strong>lucis</strong></span> <span class='ocrx_word' id='word_1_341' title='bbox 997 2861 1162 2906; x_wconf 85' lang='lat' dir='ltr'><strong>ejusdem</strong></span> <span class='ocrx_word' id='word_1_342' title='bbox 1187 2872 1299 2906; x_wconf 83' lang='lat' dir='ltr'><strong>super</strong></span> <span class='ocrx_word' id='word_1_343' title='bbox 1321 2862 1475 2896; x_wconf 87' lang='lat' dir='ltr'><strong>eandem</strong></span> <span class='ocrx_word' id='word_1_344' title='bbox 1505 2872 1578 2896; x_wconf 88' lang='lat' dir='ltr'><strong>rem</strong></span> <span class='ocrx_word' id='word_1_345' title='bbox 1605 2865 1767 2895; x_wconf 83' lang='lat' dir='ltr'><strong>mutatur</strong></span> 
     </span>
     <span class='ocr_line' id='line_1_42' title="bbox 485 2916 1765 2966; baseline -0.002 -12"><span class='ocrx_word' id='word_1_346' title='bbox 485 2923 670 2966; x_wconf 79' lang='lat' dir='ltr'><strong>aspectus,</strong></span> <span class='ocrx_word' id='word_1_347' title='bbox 688 2923 726 2954; x_wconf 86' lang='lat' dir='ltr'><strong>et</strong></span> <span class='ocrx_word' id='word_1_348' title='bbox 744 2923 897 2964; x_wconf 84' lang='lat' dir='ltr'><strong>apparet</strong></span> <span class='ocrx_word' id='word_1_349' title='bbox 912 2918 1005 2953; x_wconf 86' lang='lat' dir='ltr'><strong>visui</strong></span> <span class='ocrx_word' id='word_1_350' title='bbox 1023 2917 1123 2953; x_wconf 85' lang='lat' dir='ltr'><strong>color</strong></span> <span class='ocrx_word' id='word_1_351' title='bbox 1139 2918 1316 2963; x_wconf 85' lang='lat' dir='ltr'><strong>diversus,</strong></span> <span class='ocrx_word' id='word_1_352' title='bbox 1332 2923 1374 2954; x_wconf 87' lang='lat' dir='ltr'><strong>ut</strong></span> <span class='ocrx_word' id='word_1_353' title='bbox 1392 2918 1430 2953; x_wconf 87' lang='lat' dir='ltr'><strong>in</strong></span> <span class='ocrx_word' id='word_1_354' title='bbox 1451 2917 1547 2953; x_wconf 86' lang='lat' dir='ltr'><strong>collo</strong></span> <span class='ocrx_word' id='word_1_355' title='bbox 1574 2916 1765 2953; x_wconf 87' lang='lat' dir='ltr'><strong>columbae</strong></span> 
     </span>
     <span class='ocr_line' id='line_1_43' title="bbox 483 2965 1765 3037; baseline -0.003 -25"><span class='ocrx_word' id='word_1_356' title='bbox 483 2975 686 3012; x_wconf 69' lang='lat' dir='ltr'><strong>secundum</strong></span> <span class='ocrx_word' id='word_1_357' title='bbox 712 2976 815 3022; x_wconf 86' lang='lat' dir='ltr'><strong>quod</strong></span> <span class='ocrx_word' id='word_1_358' title='bbox 839 2975 948 3012; x_wconf 78' lang='lat' dir='ltr'><strong>vertit</strong></span> <span class='ocrx_word' id='word_1_359' title='bbox 972 2974 1108 3011; x_wconf 81' lang='lat' dir='ltr'><strong>collum</strong></span> <span class='ocrx_word' id='word_1_360' title='bbox 1130 2975 1281 3012; x_wconf 83' lang='lat' dir='ltr'><strong>diversis</strong></span> <span class='ocrx_word' id='word_1_361' title='bbox 1305 2975 1437 3012; x_wconf 82' lang='lat' dir='ltr'><strong>sitibus</strong></span> <span class='ocrx_word' id='word_1_362' title='bbox 1460 2965 1514 3011; x_wconf 73' lang='lat' dir='ltr'><strong>ab(</strong></span> <span class='ocrx_word' id='word_1_363' title='bbox 1532 2974 1686 3037; x_wconf 41' lang='lat' dir='ltr'><strong>lucehlet</strong></span> <span class='ocrx_word' id='word_1_364' title='bbox 1713 2974 1765 3009; x_wconf 79' lang='lat' dir='ltr'><strong>sic</strong></span> 
     </span>
    </p>
   </div>
  </div>
 </body>
</html>
