2350 3580
599 699 667 744 358
836 700 1009 734 OPERIS
1033 700 1243 739 MAJORJS
1269 699 1398 734 PARS
1423 699 1644 734 SEPTIMA.

603 800 677 824 non
696 789 744 825 ad
767 789 981 835 sapientem.
1035 788 1134 824 Huic
1159 799 1232 824 non
1256 788 1387 824 timide
1409 799 1476 824 nec
1498 787 1725 835 pedetentim
1746 786 1877 822 ambu-

603 846 752 882 landum
769 852 837 882 est.
888 846 1010 882 Tanta
1032 847 1128 884 enim
1152 845 1285 881 fiducia
1312 846 1366 881 sui
1388 850 1445 881 est
1471 851 1512 881 ut
1536 845 1684 881 obviam
1710 844 1877 881 fortunae

604 904 655 940 ire
670 915 744 940 non
761 903 914 946 dubitet,
932 916 1000 940 nec
1019 915 1176 950 unquam
1203 903 1283 939 loco
1303 902 1352 938 illi
1376 915 1541 939 cessurus
1555 903 1602 939 sit
1620 930 1628 938 .
1647 930 1656 938 .
1674 929 1684 938 .
1700 903 1788 948 quia
1804 913 1877 938 nou

604 961 787 1008 mancipia
810 967 953 998 tantum
982 961 1303 1008 possessionesque
1332 967 1370 996 et
1399 961 1618 1006 dignitatem
1649 961 1713 997 sed
1744 970 1878 1006 corpus

601 1030 749 1065 quoque
770 1030 877 1054 suum
895 1025 933 1054 et
950 1019 1076 1054 oculos
1092 1025 1130 1054 et
1150 1030 1310 1058 manum,
1321 1025 1359 1054 et
1376 1019 1550 1064 quicquid
1568 1018 1744 1053 cariorem
1763 1018 1876 1052 vitam

601 1077 781 1112 facturum
799 1082 867 1120 est,
883 1088 994 1122 seque
1021 1077 1139 1123 ipsum
1161 1078 1258 1111 inter
1280 1077 1441 1122 precaria
1465 1081 1643 1118 numerat,
1658 1076 1821 1121 vivitque
1837 1081 1877 1110 ut

601 1132 881 1170 convrnodzstm²
913 1133 983 1170 sibi
1010 1141 1048 1170 et
1072 1134 1347 1179 reposcentibus
1376 1134 1454 1169 sine
1484 1133 1632 1169 tristitia
1659 1133 1876 1169 redditurus.

607 1190 683 1226 Nec
699 1191 785 1227 ideo
801 1191 883 1227 vilis
906 1197 961 1226 est
984 1191 1052 1226 sibi
1077 1192 1163 1238 quia
1188 1192 1256 1227 scit
1282 1203 1321 1226 se
1343 1191 1463 1238 ipsum
1483 1203 1589 1226 suurn
1613 1202 1686 1226 non
1705 1201 1795 1231 esse,
1811 1191 1876 1225 sed

601 1249 726 1283 omnia
743 1254 819 1284 tam
837 1249 1032 1295 diligenter
1050 1249 1168 1291 saciet.
1183 1257 1257 1285 tarn
1275 1250 1550 1294 circumspecte,
1561 1260 1672 1294 quarn
1687 1248 1876 1294 religiosus

603 1306 714 1342 homo
729 1311 949 1352 sanctusque
971 1307 1064 1343 solet
1080 1308 1171 1342 tueri
1196 1306 1279 1342 fidei
1301 1308 1508 1342 commissa.
1558 1305 1876 1352 Quandocumque

601 1370 725 1405 autem
738 1363 892 1400 reddere
906 1363 1094 1410 jubebitur
1104 1364 1130 1409 ²,
1143 1375 1214 1400 non
1234 1371 1405 1410 queretur
1423 1375 1505 1401 cum
1521 1363 1674 1406 fortuna,
1685 1363 1748 1399 sed
1763 1363 1874 1405 dictu

603 1421 749 1456 Gratias
775 1433 846 1467 ago
868 1433 934 1467 pro
958 1433 1002 1457 eo
1026 1423 1123 1467 quod
1148 1423 1294 1467 possedi
1316 1422 1512 1467 habuique.
1565 1421 1703 1467 Magna
1725 1422 1874 1466 quidem

603 1490 657 1514 res
675 1484 755 1514 tuas
780 1481 948 1515 mercede
971 1481 1077 1523 colui,
1092 1481 1168 1520 sed.
1188 1480 1273 1525 quia
1292 1480 1354 1515 illa
1372 1481 1536 1526 imperas,
1556 1481 1614 1521 do.
1632 1479 1725 1514 cedo
1749 1484 1876 1525 gratus

601 1535 800 1582 libensque.
817 1565 823 1573 .
843 1565 850 1572 .
870 1565 879 1572 .
894 1537 1085 1584 Signatum
1105 1544 1299 1583 argentum
1319 1537 1471 1572 domurn
1490 1536 1738 1582 familiamque
1754 1547 1874 1572 meam

604 1594 719 1629 reddo
737 1595 899 1630 restituo.
950 1594 1190 1642 Adpellavit³
1210 1602 1339 1631 natura
1361 1606 1456 1641 quae
1475 1594 1571 1641 prior
1591 1594 1696 1630 nobis
1713 1594 1876 1635 credidit.

601 1657 640 1686 et
665 1652 748 1686 huic
775 1652 961 1694 dicemus;
997 1653 1165 1698 “Recipe
1192 1654 1356 1688 animum
1385 1652 1571 1687 meliorem
1594 1663 1705 1696 quam
1732 1652 1876 1687 dedisti.

601 1708 690 1744 Non
715 1710 931 1754 tergiversor
950 1721 1014 1745 nec
1032 1710 1183 1756 refugio.
1230 1710 1401 1746 Paratum
1429 1709 1541 1745 habes
1563 1721 1586 1744 a
1608 1708 1754 1745 volente
1774 1711 1874 1754 quod

604 1777 675 1801 non
701 1767 872 1802 sentienti
899 1766 1064 1802 dedisti-n
1091 1794 1125 1803 ..
1150 1795 1159 1803 .
1185 1767 1285 1803 Male
1310 1768 1407 1803 vivet
1432 1767 1602 1812 quisquis·
1622 1767 1756 1802 nesciet
1785 1768 1877 1803 bene

606 1825 707 1859 mori.
759 1824 855 1859 Huic
883 1825 1007 1870 itaque
1030 1820 1190 1869 primurn
1214 1825 1263 1859 rei
1290 1825 1445 1872 pretium
1467 1825 1735 1859 detrahendum
1758 1831 1816 1860 est
1838 1832 1875 1860 et

604 1880 749 1927 spiritus
766 1883 859 1916 inter
868 1882 979 1917 vilia⁴
997 1884 1252 1917 numerandus.
1268 1907 1276 1916 .
1292 1909 1299 1916 .
1315 1909 1323 1916 .
1339 1883 1456 1928 Saepe
1472 1894 1557 1917 vero
1574 1893 1684 1917 causa
1698 1883 1875 1918 moriendi

603 1946 659 1975 est
675 1939 803 1975 timide
828 1940 927 1975 mori.
981 1939 1143 1976 Fortuna
1170 1939 1230 1975 illa
1254 1951 1347 1986 quae
1372 1940 1476 1976 ludos
1499 1940 1567 1976 sibi
1595 1939 1703 1983 facit:
1729 1939 1876 1986 “Qum''

605 1997 732 2043 inquit,
752 1999 817 2032 “te
841 2009 1030 2039 reservem,
1054 1997 1229 2032 malum⁶
1243 2004 1280 2032 et
1303 1998 1485 2049 trepidum
1505 1998 1665 2032 animal?
1689 2009 1734 2034 eo
1758 1999 1875 2045 magis

604 2054 919 2090 convulneraberis
940 2061 978 2090 et
997 2055 1219 2091 confodieris
1241 2056 1325 2100 quia
1352 2056 1467 2090 nescis
1494 2055 1667 2100 praebere
1687 2056 1876 2101 jugulum.;

604 2119 641 2147 at
668 2118 706 2148 tu
732 2118 770 2148 et
790 2113 890 2148 vives
914 2114 1050 2148 diutius
1077 2119 1111 2148 et
1137 2114 1302 2148 morieris
1328 2114 1543 2159 expeditius,
1561 2114 1621 2158 qui
1645 2114 1778 2149 sermm
1804 2125 1874 2149 non

604 2170 782 2206 subducta
800 2171 937 2206 cervice
957 2182 1022 2206 nec
1041 2171 1210 2213 manibus
1232 2172 1422 2218 oppositis,
1441 2172 1504 2206 sed
1528 2172 1693 2207 animose
1715 2171 1876 2218 recipias·

605 2254 612 2260 .
633 2254 639 2260 .
661 2254 670 2261 .
688 2227 744 2262 At
761 2228 824 2273 qui
846 2229 937 2263 sciat
958 2229 1028 2265 hoc
1048 2229 1114 2264 sibi
1139 2240 1221 2265 cum
1245 2230 1495 2274 conciperetur
1511 2229 1636 2265 statim
1656 2229 1877 2270 condictum.

604 2285 699 2320 vivet
717 2287 764 2320 ad
783 2286 986 2325 formulam.
1003 2292 1039 2321 et
1059 2287 1164 2321 simul
1192 2287 1279 2321 illud
1301 2279 1448 2332 quoque
1470 2288 1598 2322 eodem
1618 2287 1727 2322 animi
1746 2288 1878 2322 robore

606 2343 812 2389 praestabit,
835 2355 879 2378 ne
899 2344 987 2389 quid
1014 2356 1062 2379 ex
1090 2344 1130 2379 iis
1152 2356 1248 2390 quae
1270 2344 1440 2380 eveniunt
1467 2344 1627 2380 subitum
1654 2345 1712 2380 sit.
1763 2343 1878 2390 Quic-

604 2401 692 2446 quid
708 2401 803 2437 enim
819 2400 892 2436 fieri
906 2408 1039 2448 potest,
1052 2402 1154 2447 quasi
1170 2402 1331 2437 futurum
1345 2402 1403 2439 sit.
1418 2402 1685 2448 prospiciendo,
1696 2402 1877 2438 malorurn

604 2458 768 2493 omnium
788 2459 946 2503 impetus
962 2459 1137 2502 emolliet,
1152 2460 1215 2504 qui
1234 2460 1279 2493 ad
1301 2465 1536 2504 praeparatos
1561 2467 1878 2506 expectantesque

605 2515 691 2550 nihil
708 2515 861 2551 afferunt
879 2517 978 2551 novi:
998 2517 1132 2552 securis
1145 2522 1183 2552 et
1199 2517 1306 2552 beata
1325 2523 1468 2552 tanturn
1483 2518 1736 2563 spectantibus
1749 2529 1877 2563 graves

605 2573 761 2611 veniunt.
812 2572 966 2609 Morbus-
990 2574 1098 2612 enirn.
1128 2574 1332 2620 captivitas,
1363 2574 1474 2615 ruina,
1505 2575 1598 2620 ignis
1627 2575 1716 2610 nihil
1747 2575 1877 2611 horum

605 2631 832 2676 repentinum
855 2629 959 2680 [est].
1010 2631 1183 2666 Sciebam
1196 2632 1507 2666 intumultuosum
1525 2643 1581 2668 me
1594 2634 1876 2670 contubernium

604 2694 770 2724 naturam
788 2689 968 2724 clausisse.
1019 2689 1173 2725 Totiens
1203 2690 1236 2724 in
1265 2689 1394 2724 vicinia
1421 2701 1503 2724 mea
1525 2690 1792 2726 conclamatum
1811 2700 1878 2730 est.

601 2746 737 2782 totiens
765 2746 978 2782 immaturas
999 2749 1174 2793 exequias
1200 2746 1263 2782 sax
1281 2758 1478 2793 cereusque
1500 2749 1705 2794 praecessit.
1758 2749 1878 2795 Saepe

639 2847 644 2862 ¹
666 2848 851 2880 commodius,
870 2847 904 2876 D.
919 2853 947 2875 et
963 2847 999 2875 Ο.
1227 2848 1239 2866 '²
1259 2848 1407 2882 videbitur,
1425 2848 1458 2876 D.
1472 2853 1499 2875 et
1514 2848 1550 2876 0.

636 2893 646 2908 ¹
666 2892 859 2925 adp-ellantii,
875 2892 993 2919 Seneca.
1230 2893 1238 2908 ⁸
1258 2893 1283 2920 in
1299 2892 1421 2920 servitia.
1436 2897 1485 2927 pm
1501 2893 1574 2920 inter
1585 2893 1658 2925 vilia,
1678 2893 1712 2921 D.
1728 2898 1758 2921 et
1772 2894 1808 2922 0.

637 2935 648 2950 ³
668 2935 781 2968 nullum,
799 2935 832 2962 D.
848 2940 877 2962 et
890 2935 926 2962 0.
