2350 3580
370 339 1502 532 —

651 684 869 718 MORALIS
894 685 1249 719 PHILOSOPHIA:
1286 686 1414 720 PARS
1443 686 1627 728 TERTIA.
1711 695 1778 730 347

498 798 509 808 .
544 799 554 808 .
589 799 599 809 .
625 772 797 810 ‘Vestras
826 772 1154 810 hallucinationes²
1185 774 1262 810 sero
1292 775 1603 820 quemadmodum
1632 776 1778 822 Jupiter

497 830 665 877 optimus
688 831 877 868 maximus
901 832 1060 878 ineptias
1084 838 1292 878 poetarum,
1314 844 1472 879 quotum
1502 832 1596 868 alius
1625 832 1676 868 illi
1698 832 1776 868 alas

497 889 687 936 imposuit,
703 889 798 925 alius
812 901 961 930 cornua,
979 889 1074 926 aliua
1090 889 1300 926 adulterum
1319 890 1421 926 illum
1439 891 1586 927 induxit
1604 916 1612 926 .
1631 916 1641 925 .
1661 889 1682 927 .¹

547 947 557 963 ⁴
570 946 671 983 Eece
688 946 860 983 Socraten
872 957 923 982 ex
940 946 1003 982 illo
1014 958 1161 983 earcere
1170 959 1282 993 quem
1293 948 1465 983 intrando
1478 949 1645 995 purgavit
1657 948 1775 983 omni·
1790 959 1834 987 De
1845 959 1915 989 vn.

495 1014 570 1050 que
599 1003 848 1040 honestiorem
882 1005 981 1040 curia
1010 1005 1183 1049 reddidit,
1207 1003 1423 1050 proclamat,
1447 1003 1541 1051 Quis
1567 1005 1636 1040 iste
1666 996 1893 1069 &rung-'32²7
1914 1033 1950 1061 ¹⁸

495 1072 593 1108 quae
613 1061 681 1097 ista
699 1061 846 1098 inimica.
865 1061 948 1098 Deo
968 1061 1183 1108 hominique
1207 1067 1335 1098 natura
1354 1067 1410 1097 est
1427 1061 1603 1098 infamare
1619 1062 1774 1098 virtutes
1895 1052 1904 1068 ’
1951 1053 1959 1061 ’

494 1126 535 1154 et
564 1118 735 1166 malignis
763 1119 992 1154 sermonibus
1019 1126 1148 1154 sancta
1173 1119 1340 1155 violare?
1399 1119 1440 1154 Si
1474 1119 1627 1166 potentis
1656 1120 1774 1157 bonos

495 1175 668 1219 laudate3
697 1177 728 1212 ai
754 1177 875 1212 minus
898 1177 1066 1212 transite.
1117 1176 1229 1222 Quod
1256 1177 1285 1212 si
1310 1177 1416 1212 vobis
1441 1187 1614 1213 exercere
1638 1181 1772 1212 tetram

494 1234 605 1270 istam
637 1233 823 1270 licentiam
855 1233 987 1281 placet,
1013 1233 1108 1279 alter
1140 1234 1177 1269 in
1212 1233 1368 1270 alterum
1401 1234 1622 1270 incursitate.
1674 1233 1773 1270 Nam

494 1301 581 1326 cum
615 1291 652 1326 in
686 1291 831 1327 coelum
863 1292 1039 1334 insanitis,
1069 1302 1144 1327 non
1174 1292 1261 1327 dico
1294 1291 1524 1339 sacrilegium
1550 1291 1678 1333 facitis,
1706 1292 1773 1328 sed

493 1359 645 1395 operam
662 1349 817 1395 perditis
835 1373 843 1383 .
861 1374 868 1384 .
888 1373 899 1383 .
918 1349 1074 1384 Produci
1090 1350 1190 1384 enirn
1208 1349 1334 1384 virtuti
1354 1354 1392 1384 et
1414 1350 1589 1395 temptari
1609 1350 1774 1395 expedit,

493 1416 561 1442 nec
590 1405 655 1441 ulli
688 1406 806 1453 magis
839 1405 1045 1452 intelligunt
1079 1413 1220 1452 quanta
1249 1407 1308 1452 sit,
1332 1416 1446 1453 quam
1472 1406 1535 1453 qui
1563 1406 1658 1442 vires
1692 1406 1772 1453 ejus

489 1463 707 1500 lacessendo
746 1470 947 1500 senserunt.
1012 1464 1158 1500 Duritia
1199 1464 1310 1500 silicis
1350 1463 1458 1500 nullis
1501 1464 1619 1511 magia
1660 1475 1769 1510 quam

492 1521 708 1557 ferientibus
741 1527 828 1557 nota
861 1526 928 1557 est.
980 1521 1143 1556 Praebeo
1177 1532 1239 1557 me
1270 1533 1345 1557 nou
1379 1522 1485 1557 aliter
1516 1532 1629 1568 quarn
1663 1533 1772 1567 rupes

490 1577 617 1625 aliqua
641 1578 678 1614 in
704 1579 847 1615 undoso
872 1580 963 1615 mari
990 1581 1178 1624 destituta,
1201 1590 1314 1626 quam
1341 1578 1474 1614 fluctus
1498 1590 1571 1614 non
1596 1578 1769 1616 desinunt

492 1635 653 1684 undique
670 1636 875 1681 verberare,
890 1648 957 1672 nec
974 1638 1061 1673 ideo
1077 1643 1142 1674 aut
1163 1636 1248 1672 loco
1265 1647 1347 1673 eam
1365 1643 1516 1673 movent
1537 1643 1602 1673 aut
1624 1648 1689 1684 per
1712 1643 1770 1673 tot

489 1700 635 1729 aetates
658 1695 788 1730 crebro
812 1696 958 1732 incursu
983 1705 1052 1730 auo
1077 1701 1308 1731 consumunt„
1367 1694 1540 1738 Adsilite,
1565 1694 1674 1730 facite
1698 1695 1768 1730 im-

489 1757 630 1798 peturn.
691 1752 857 1788 Ferentio
888 1763 955 1788 vos
987 1753 1143 1788 vincam.
1207 1753 1250 1788 ln
1279 1764 1323 1787 ea
1348 1763 1444 1798 quae
1470 1753 1574 1788 firma
1598 1758 1637 1788 et
1663 1753 1768 1787 inex-

488 1808 715 1856 superabilia
730 1816 826 1854 sunt,
842 1811 1014 1858 quicquid
1034 1812 1186 1847 incurrit
1204 1809 1301 1846 malo
1319 1820 1385 1846 suo
1399 1811 1474 1846 vim
1487 1820 1594 1846 suam
1607 1816 1768 1847 exercet.

490 1865 650 1904 Proinde
675 1869 839 1917 quaerite
861 1868 1023 1915 aliquam
1046 1867 1199 1904 mollem
1221 1868 1487 1914 cedentemque
1509 1868 1712 1910 materiam.
1730 1869 1768 1904 in

489 1935 566 1970 qua
581 1925 656 1960 tela
677 1922 830 1975 [vestra]
849 1926 1017 1974 figantur.
1065 1926 1184 1963 Vobis
1203 1932 1327 1963 autem
1345 1931 1454 1961 vacat
1474 1925 1592 1961 aliena
1614 1927 1767 1963 scrutari

488 1980 588 2018 mala
609 1987 647 2018 et
666 1985 866 2020 sententias
881 1985 973 2020 ferre
990 1985 1039 2020 de
1054 1987 1270 2030 quoquam?
1303 1995 1415 2030 quare
1439 1984 1498 2018 hic
1523 1983 1765 2030 philosophus

487 2039 613 2076 laxius
636 2039 790 2086 habitat,
815 2053 929 2088 quare
952 2043 1012 2078 hic
1037 2043 1171 2078 lautius
1196 2044 1353 2078 coenat?
1386 2042 1542 2088 papulas
1566 2043 1766 2078 observatis

487 2097 638 2141 alienas,
654 2099 766 2135 obsiti
782 2099 950 2146 plurimis
967 2100 1174 2136 ulceribus?
1229 2099 1321 2135 Hoc
1332 2099 1405 2135 tale
1422 2105 1478 2135 est
1495 2098 1604 2146 quale
1626 2100 1657 2135 si
1682 2100 1765 2146 quis

487 2155 817 2201 pulcherrimorum
836 2169 1030 2205 corporum
1048 2169 1183 2193 naevos
1199 2164 1265 2193 aut
1276 2168 1447 2192 verrucas
1463 2157 1638 2199 derideat,
1653 2169 1764 2203 quem

486 2212 563 2249 sera
579 2213 721 2250 scabies
737 2216 959 2262 depascitur.
1010 2215 1171 2262 objicite
1199 2215 1343 2251 Platoni
1363 2216 1463 2261 quod
1487 2216 1632 2261 petierit
1654 2227 1762 2262 pecu·

486 2270 597 2312 niam,
621 2270 817 2309 Aristoteli
841 2273 942 2320 quod
967 2275 1159 2319 acceperit,
1187 2273 1401 2309 Democrito
1423 2274 1524 2319 quod
1552 2273 1764 2319 neglexerit,

488 2328 650 2377 Epicuro
683 2332 783 2377 quod
817 2332 1092 2379 consumpserit.
1156 2331 1250 2368 Mihi
1285 2331 1353 2378 ipsi
1386 2331 1536 2367 assem¹
1569 2331 1762 2377 objectate.

487 2387 522 2423 Ο
540 2398 608 2423 voa
625 2389 790 2424 maxime
808 2389 931 2424 felices
952 2401 1035 2426 cum
1058 2390 1216 2437 primum
1234 2389 1339 2425 vobis
1365 2389 1498 2424 imitari
1525 2389 1614 2424 vitia
1637 2395 1764 2427 nostra

484 2444 701 2492 contigerit]
752 2447 851 2493 Quin
877 2447 1001 2494 potius
1024 2448 1121 2483 mala
1143 2453 1267 2483 vestra
1285 2447 1562 2494 circumspicite,
1578 2458 1674 2493 quae
1695 2459 1761 2484 vos

483 2509 533 2539 ab
558 2504 659 2540 omni
687 2511 791 2550 parte
815 2505 1040 2548 confodiunt,
1059 2507 1129 2541 alia
1154 2506 1357 2551 grassantia
1383 2504 1619 2549 extrinsecus,
1636 2507 1707 2542 alia
1724 2508 1760 2542 in

483 2561 682 2596 visceribus
707 2562 797 2609 ipsis
821 2563 1012 2600 ardentia?
1030 2590 1037 2600 .
1063 2589 1072 2598 .
1097 2591 1106 2598 .
1132 2562 1234 2610 Quid
1252 2574 1361 2610 porro
1374 2567 1390 2599 ?
1412 2573 1483 2599 non
1501 2574 1596 2598 nunc
1614 2575 1760 2611 quoque

481 2618 598 2654 etiam
616 2619 646 2654 si
663 2631 792 2666 parum
808 2621 954 2657 sentitis
970 2620 1079 2657 tu'rbo
1101 2622 1252 2667 quidam
1279 2621 1421 2656 animos
1439 2627 1581 2656 vestros
1603 2628 1701 2659 rotat
1722 2630 1760 2660 et

481 2676 639 2714 involvit
656 2676 838 2725 fugiente·
855 2685 1094 2726 petentesque
1111 2678 1263 2715 eadem.'

811 2796 820 2813 ¹
839 2796 1058 2831 ruminatione,
1066 2799 1121 2831 pm
1132 2795 1381 2830 hallucinationes,
1394 2796 1430 2823 Ο.

808 2840 819 2856 ¹
838 2840 951 2868 Seneea
963 2841 1024 2874 baa,
1038 2840 1215 2868 Alcibiadem
1229 2843 1259 2867 et
1271 2840 1441 2868 Phaedrum.
