2350 3580
607 489 675 533 516
908 489 1009 522 MUL
1014 488 1197 522 TIPLICA
1204 488 1282 522 T10
1306 488 1596 521 SPECJERUM.

609 579 750 616 formae
774 579 938 625 ejusdem
965 585 1118 615 naturae
1144 589 1217 614 non
1243 584 1478 614 numerantur
1501 577 1536 612 in
1563 577 1707 613 eadem
1736 576 1889 612 materia.

611 636 651 673 Si
677 648 763 672 vero
789 638 862 674 sint
891 637 1093 673 contrariae
1118 642 1270 672 naturae
1297 636 1437 671 activae
1464 635 1502 671 in
1534 635 1699 671 diversis
1734 635 1890 681 partibus

609 696 762 741 agentis,
795 701 836 731 ut
876 695 914 731 in
954 695 1035 740 pica
1074 694 1132 730 vel
1173 700 1279 730 scuto
1318 693 1376 729 vel
1417 693 1508 736 aliis,
1539 699 1635 728 tunc
1679 692 1890 727 naturaliter

610 752 817 796 miscentur,
843 758 881 787 et
905 751 948 788 fit
973 763 1084 788 unum
1112 763 1177 797 per
1202 751 1408 787 essentiam.
1459 750 1499 787 Si
1524 761 1618 786 vero
1648 751 1730 785 sint
1757 749 1889 785 contin·

607 816 738 856 gentoe
762 815 804 845 ut
828 810 895 845 lux
921 814 959 845 et
983 808 1083 845 calor
1108 809 1143 844 in
1170 809 1265 854 igne,
1283 815 1368 844 tunc
1394 807 1487 844 fiunt
1513 808 1690 853 subjecto
1719 818 1837 842 unum
1859 813 1889 842 et

610 878 724 902 unum
742 878 917 910 numero;
942 872 983 902 ut
999 866 1124 902 album
1141 871 1178 902 et
1194 866 1303 902 dulce
1321 867 1357 902 in
1375 866 1477 908 lacte,
1491 866 1579 912 quia
1597 870 1690 900 sunt
1708 865 1748 900 in
1767 866 1889 900 eodem

609 924 777 969 subjecto
792 925 995 961 secundum
1011 934 1203 960 numerum
1227 925 1291 959 sed
1317 934 1390 959 non
1414 929 1500 959 sunt
1526 934 1646 959 unum
1674 934 1837 958 numero
1859 922 1891 957 in

608 982 777 1024 essentia,
793 983 888 1018 sieut
906 993 971 1017 nec
989 982 1026 1017 in
1042 982 1174 1027 specie.
1226 981 1267 1017 Si
1283 993 1370 1017 vero
1386 981 1457 1017 sint
1474 981 1648 1016 diversae
1667 991 1726 1015 res
1744 986 1890 1026 agentes

608 1043 647 1074 et
664 1038 752 1074 locis
767 1044 967 1084 separatae,
979 1044 1068 1075 tunc
1084 1038 1127 1075 fit
1144 1050 1217 1074 una
1232 1039 1370 1084 species
1386 1038 1442 1073 his
1459 1039 1577 1074 tribus
1594 1038 1734 1080 modis,
1747 1037 1891 1083 quando

609 1102 827 1133 concurrunt
843 1097 890 1132 ad
905 1097 1057 1133 invicem
1073 1097 1110 1131 in
1127 1097 1259 1133 eodem
1277 1096 1359 1133 loco
1374 1102 1412 1131 et
1428 1096 1609 1141 subjecto.

658 1154 710 1189 Et
729 1154 815 1190 huic
836 1155 982 1190 veritati
1004 1154 1199 1199 conjuncta
1221 1159 1278 1189 est
1302 1154 1542 1190 consideratio
1568 1153 1617 1188 de
1644 1153 1891 1189 continuitate

608 1212 753 1258 speciei.
805 1211 902 1249 Cum
917 1213 1015 1248 enim
1038 1213 1073 1248 in
1093 1211 1285 1257 superficie
1309 1217 1389 1247 tota
1412 1211 1552 1257 agentis
1576 1216 1636 1246 est
1663 1222 1740 1246 una
1767 1217 1891 1246 natum

609 1270 728 1305 activa
761 1271 944 1314 continua,
972 1275 1009 1306 et
1036 1270 1198 1306 medium
1223 1280 1337 1304 unum
1362 1269 1589 1311 continuum,
1612 1275 1768 1314 oportet
1795 1268 1891 1314 quod

609 1326 868 1372 multiplicatio
884 1329 933 1363 sit
949 1328 1134 1364 continua.
1186 1327 1281 1363 Cum
1298 1338 1385 1362 vero
1403 1338 1475 1362 una
1492 1332 1623 1362 natura
1642 1326 1770 1361 activa
1787 1327 1835 1362 sit
1858 1327 1890 1361 in

611 1395 682 1419 una
699 1390 803 1430 parte
819 1391 858 1421 et
874 1385 947 1421 alia
963 1386 1000 1421 in
1016 1385 1098 1428 alia,
1115 1391 1157 1421 ut
1174 1386 1212 1420 in
1232 1385 1316 1432 pica
1331 1384 1388 1420 vel
1411 1384 1448 1420 in
1470 1389 1576 1419 scuto
1600 1384 1662 1419 vel
1684 1385 1890 1430 quomodo-

608 1453 753 1489 cunque
777 1443 837 1486 sit,
861 1444 1064 1479 dummodo
1088 1443 1161 1479 sint
1184 1443 1398 1484 contrariae,
1415 1441 1458 1477 fit
1481 1442 1660 1478 continua
1686 1443 1834 1487 species
1856 1449 1890 1477 et

609 1511 693 1543 una,
721 1501 786 1536 sed
817 1501 945 1537 mixta.
1007 1500 1048 1537 Si
1076 1512 1163 1536 vero
1189 1501 1262 1536 sint
1289 1500 1554 1546 contingentes,
1583 1505 1678 1535 tunc
1707 1511 1783 1536 non
1809 1505 1890 1535 sunt

608 1559 754 1604 proprie
771 1559 966 1594 continuae
982 1570 1048 1594 nec
1067 1558 1263 1605 contiguae
1286 1557 1615 1603 multiplicationes,
1631 1559 1702 1593 sed
1724 1557 1889 1593 diversae

608 1615 715 1651 simul
733 1616 944 1651 existentes.
986 1615 1026 1651 Si
1042 1627 1130 1651 vero
1146 1616 1268 1651 media
1284 1622 1322 1651 et
1339 1615 1504 1661 subjecta
1520 1620 1607 1650 sunt
1624 1615 1787 1657 diversa,
1803 1621 1888 1650 tuuc

608 1679 693 1709 sunt
711 1675 850 1719 species
875 1674 1037 1709 diversae
1058 1679 1096 1709 et
1117 1674 1374 1709 discontinuae
1398 1679 1548 1719 propter
1572 1673 1888 1708 diversitatem'et

607 1730 945 1767 discontinuitatem
963 1730 1212 1776 subjectorum
1229 1736 1269 1767 et
1286 1730 1489 1766 mediorum
1500 1729 1525 1765 ¹.

646 1803 654 1819 ¹
676 1806 708 1833 ln
725 1806 805 1833 what
819 1807 923 1833 relate·
939 1811 972 1833 to
988 1806 1112 1833 mixture
1129 1806 1164 1833 os
1177 1806 1343 1838 mdiations,
1356 1806 1405 1833 the
1423 1805 1574 1839 fores-cing
1589 1805 1714 1839 chapter
1729 1806 1834 1832 should
1852 1806 1885 1832 be

607 1850 760 1884 compared
781 1849 852 1876 with
876 1849 1052 1884 Pmpuiim,
1075 1858 1123 1884 pp.
1145 1858 1244 1883 39—42.
1285 1848 1368 1876 With
1393 1849 1443 1876 the
1467 1849 1602 1883 previous
1621 1849 1755 1883 chapter,
1776 1857 1816 1876 on
1838 1850 1886 1876 the

606 1892 753 1929 corporenl
768 1897 867 1920 nature
879 1893 912 1920 of
918 1893 1082 1927 radiations,
1094 1901 1227 1928 compare
1240 1901 1288 1928 pp.
1301 1893 1401 1927 ⁴3·4⁶-
