2350 3580
583 739 651 763 noo
852 729 1026 765 OPERIS
1050 728 1264 769 uAJoms
1289 727 1418 761 PARS
1443 727 1610 760 SEXTA.

585 830 701 856 conus
717 820 818 856 cadit
835 819 870 856 in
888 826 1034 856 terram.
1086 819 1126 856 Si
1146 819 1259 866 igitur
1272 818 1401 855 oculus
1412 816 1424 838 ¹
1439 828 1572 855 conum
1586 816 1738 863 reeipIat
1753 815 1863 852 unius

583 877 797 924 pyramidis,
819 877 961 913 videbit
987 877 1103 913 basim
1130 877 1226 912 illius
1249 876 1462 923 pyramidis.
1487 880 1525 911 et
1550 875 1636 921 quia
1657 874 1720 911 ille
1740 883 1863 920 vapor

584 935 732 970 densior
764 941 822 970 est
857 939 961 971 tanta
997 934 1183 970 densitate
1216 939 1259 970 ut
1290 934 1339 970 sit
1367 932 1527 975 visibilis,
1551 931 1748 980 praecipue
1773 940 1859 968 cum

584 991 720 1029 habeat
737 992 772 1028 in
790 1003 830 1028 se
844 991 971 1028 lumen
989 997 1111 1039 potest
1119 991 1236 1028 videri
1258 991 1350 1027 infra
1367 991 1472 1027 bases
1489 990 1703 1037 pyramidis,
1719 995 1759 1026 et
1775 989 1860 1026 ideo

585 1050 620 1086 in
639 1049 817 1087 circulari.

399 1118 515 1146 Funher
635 1107 709 1143 Sed
726 1107 821 1143 sicut
838 1107 1086 1154 experientiae
1105 1106 1245 1143 multae
1256 1107 1490 1152 requiruntur
1497 1107 1546 1142 ad
1556 1104 1858 1142 certificaticmem

397 1153 557 1219 ἓξὲξ,
586 1164 699 1209 iridis,
715 1170 752 1201 et
768 1165 817 1201 de
832 1165 957 1201 0010oe
972 1171 1008 1201 et
1025 1164 1074 1201 de
1091 1163 1220 1211 figura,
1234 1164 1290 1214 §ie
1304 1169 1360 1200 eat
1382 1163 1452 1206 hie,
1470 1163 1531 1199 ubi
1552 1162 1858 1200 considerandum

397 1234 433 1254 ou
446 1225 502 1254 thu
584 1227 640 1259 est
657 1222 757 1268 quod
775 1222 865 1259 radii
883 1226 1037 1269 possunt
1053 1221 1249 1269 dupliciter
1266 1221 1430 1268 intelligi,
1445 1221 1503 1258 vel
1520 1221 1656 1258 scilicet
1669 1220 1859 1257 veniente·

581 1281 630 1315 ab
646 1291 721 1315 uno
738 1284 875 1326 puncto
892 1285 930 1316 et
947 1280 983 1315 in
1008 1291 1121 1315 unum
1148 1279 1322 1315 circulum
1345 1279 1381 1314 in
1396 1289 1534 1325 vapore
1552 1279 1614 1325 qui
1638 1283 1859 1315 concurrunt

584 1336 630 1374 ad
651 1348 783 1373 conum
803 1339 910 1373 unius
926 1336 1148 1384 pyramidis;
1172 1342 1210 1373 et
1224 1336 1284 1373 alii
1302 1336 1365 1382 qui
1390 1336 1436 1372 ab
1457 1336 1590 1372 eodem
1612 1342 1749 1382 puncto
1764 1342 1805 1372 et
1821 1336 1859 1372 in

581 1393 695 1430 alium
721 1394 895 1431 circulum
921 1395 1058 1431 cadunt
1083 1393 1243 1430 faciunt*
1268 1394 1378 1430 aliam
1401 1394 1643 1441 pyramidem,
1669 1399 1707 1430 et
1730 1393 1784 1429 sie
1811 1393 1861 1429 de

584 1452 665 1487 aliis
680 1463 689 1496 ;
714 1452 779 1488 sed
797 1452 879 1487 coni
899 1453 1061 1487 omnium
1079 1451 1223 1487 illarum
1234 1452 1471 1497 pyramidum
1483 1452 1621 1487 cadunt
1638 1452 1674 1486 in
1690 1462 1803 1487 axem
1820 1458 1860 1487 et

582 1510 919 1556 perpendicularem
938 1510 1123 1545 venientes
1145 1521 1168 1545 a
1195 1514 1334 1554 puncto
1363 1508 1434 1551 illo,
1456 1521 1477 1544 a
1501 1521 1574 1555 quo
1588 1509 1742 1545 veniunt
1763 1509 1859 1545 radii

583 1566 704 1611 fracti,
728 1572 766 1603 et
795 1567 1007 1613 pyramides
1031 1566 1121 1602 fiunt
1152 1565 1310 1609 curtae⁸‚
1335 1577 1401 1602 nec
1425 1571 1615 1603 transeunt
1643 1566 1691 1602 ad
1716 1572 1856 1612 puncta

583 1635 781 1661 concursus
799 1630 952 1671 propter
968 1625 1156 1670 objectum
1182 1624 1402 1669 aspicientis,
1419 1630 1456 1661 et
1476 1624 1561 1659 ideo
1580 1623 1698 1660 nullus
1714 1623 1858 1660 videbit

583 1693 648 1729 per
667 1682 748 1717 illas
759 1683 970 1728 pyramides
981 1687 1112 1718 curtas.
1164 1682 1290 1728 Quare
1305 1682 1334 1717 ai
1351 1682 1472 1727 plures
1483 1682 1661 1727 aspiciant
1672 1693 1860 1726 coronam,

584 1745 730 1785 oportet
746 1751 859 1775 unum
879 1740 964 1786 eligi
983 1752 1032 1775 ex
1054 1741 1210 1783 duobus,
1225 1739 1283 1775 vel
1310 1740 1410 1785 quod
1431 1738 1478 1774 ab
1496 1739 1577 1774 aliis
1598 1738 1745 1786 punctis
1769 1738 1860 1775 solis

581 1798 730 1834 veniant
756 1797 848 1833 radii
874 1796 1063 1843 frangendi
1090 1797 1127 1832 in
1152 1796 1395 1844 pyramidem,
1421 1797 1472 1832 ita
1494 1797 1592 1842 quod
1618 1796 1665 1832 ad
1692 1797 1859 1844 singulos

583 1855 799 1901 aspicientes
830 1855 920 1890 radii
954 1855 1100 1890 veniant
1125 1866 1148 1890 a
1172 1854 1323 1900 singulis
1350 1855 1496 1900 punctis
1527 1854 1625 1897 solis,
1663 1854 1720 1889 vel
1756 1854 1858 1900 quod

581 1923 606 1947 a
621 1912 700 1948 basi
719 1913 921 1958 pyramidis
938 1913 1052 1955 unius,
1065 1912 1170 1957 cujus
1188 1923 1303 1947 conus
1319 1913 1413 1947 cadit
1433 1913 1468 1947 in
1483 1911 1630 1947 oculum
1649 1912 1860 1964 aspicientis

583 1969 699 2012 unius,
732 1970 881 2005 veniant,
918 1970 963 2006 ad
1007 1970 1097 2005 alios
1134 1969 1354 2016 aspicIentes
1390 1969 1601 2015 pyramides
1634 1969 1728 2006 aliae
1763 1980 1860 2016 quae

584 2024 675 2059 fiunt
699 2035 747 2059 ex
768 2025 879 2059 radiis
895 2025 1208 2067 accidentalibus:
1234 2029 1274 2059 ut
1299 2025 1399 2060 basis
1423 2025 1625 2071 pyramidis
1649 2025 1860 2071 principalis

581 2092 677 2127 quae
695 2081 795 2117 venit
811 2082 859 2117 ad
877 2081 1023 2118 oculum
1048 2082 1153 2117 unius
1176 2082 1345 2117 videatur
1365 2082 1414 2117 ab
1432 2081 1512 2117 aliis
1536 2094 1603 2128 per
1625 2082 1859 2129 pyramidem

581 2139 859 2181 accidentalem,
882 2139 974 2175 sicut
1003 2139 1054 2174 illi
1078 2139 1140 2186 qui
1165 2145 1250 2175 sunt
1268 2140 1305 2174 in
1330 2139 1464 2185 angulo
1485 2139 1621 2176 domus
1639 2140 1765 2176 vident
1792 2151 1860 2188 per

583 2196 706 2232 radios
730 2196 974 2232 accidentales
1003 2196 1123 2232 lumen
1151 2197 1316 2232 incidens
1339 2209 1405 2242 per
1428 2196 1632 2232 fenestram.
1683 2197 1759 2233 Sed
1785 2198 1859 2234 hoc

582 2253 782 2290 secundum
808 2265 882 2289 non
908 2259 1028 2299 potest
1052 2259 1159 2295 stare,
1185 2255 1272 2300 quia
1292 2254 1470 2299 judicium
1494 2265 1561 2299 per
1582 2255 1703 2290 radios
1723 2256 1859 2302 princi-

581 2310 684 2357 pale-s
701 2317 738 2345 et
757 2311 1001 2347 accidentales
1026 2322 1101 2347 non
1123 2318 1248 2358 potest
1272 2323 1352 2347 esse
1373 2311 1535 2357 aequale,
1552 2312 1614 2348 aed
1638 2313 1859 2359 aspicientes

581 2368 690 2403 simul
717 2379 887 2403 coronam
927 2369 1092 2414 judicant
1137 2369 1349 2415 aequaliter.
1403 2369 1496 2403 ltem
1532 2369 1685 2414 quilibet
1715 2370 1858 2416 iudicat

585 2424 700 2460 solem
726 2437 806 2461 esse
830 2430 997 2461 centrum
1019 2437 1199 2469 coronam
1225 2438 1313 2473 ergo
1336 2424 1488 2472 quilibet
1516 2427 1616 2462 videt
1641 2428 1767 2470 solem,
1789 2429 1857 2464 sed

586 2482 675 2517 radii
692 2482 937 2519 accidentales
954 2494 1027 2518 noa
1043 2483 1186 2519 ducunt
1202 2484 1319 2519 visum
1339 2484 1374 2519 in
1394 2494 1478 2527 rem,
1494 2484 1561 2520 sed
1577 2484 1614 2520 in
1629 2484 1799 2531 speciem,
1818 2491 1858 2522 ut

586 2541 712 2575 exiens
733 2540 768 2575 in
795 2540 932 2586 angulo
950 2542 1083 2576 domus
1105 2553 1180 2576 non
1203 2547 1330 2586 petest
1345 2541 1467 2578 videre
1487 2541 1614 2585 solem.
1633 2542 1716 2578 licet
1732 2543 1859 2580 videat

585 2599 724 2634 radium
754 2600 944 2634 cadentem
974 2611 1039 2644 per
1068 2599 1240 2634 foramen.
1293 2600 1530 2636 Manifestum
1556 2606 1613 2636 est
1641 2612 1727 2649 ergo
1756 2603 1858 2649 quod

584 2656 632 2691 ad
657 2655 803 2691 oculum
826 2655 1021 2702 cujuslibet
1045 2658 1144 2692 venit
1171 2669 1243 2692 una
1269 2658 1439 2703 pyramis,
1463 2659 1566 2704 cujus
1592 2659 1681 2694 radii
1705 2660 1860 2697 veniunt

583 2724 605 2748 a
626 2718 764 2758 puncto
780 2713 868 2749 solis
888 2714 1142 2756 determinato,
1161 2715 1212 2750 ita
1230 2715 1327 2760 quod
1345 2715 1394 2751 ab
1419 2729 1490 2752 uno
1510 2722 1645 2762 puncto
1669 2716 1717 2752 ad
1743 2729 1858 2754 unum

583 2770 728 2805 oculum
756 2771 903 2806 veniant
937 2772 1035 2814 radii,
1061 2777 1098 2806 et
1132 2773 1180 2806 ad
1215 2772 1325 2807 alium
1361 2774 1506 2809 oculum
1541 2774 1589 2809 ab
1623 2773 1705 2817 alio.
1741 2781 1779 2811 et
1808 2776 1857 2811 ad

583 2828 732 2863 tertium
750 2840 772 2863 a
787 2829 906 2863 tertio.

619 2903 627 2919 ¹
648 2902 775 2931 Omitted
789 2903 817 2928 in
832 2902 866 2931 Ο.
883 2903 931 2930 but
946 2904 1030 2937 given
1042 2904 1081 2939 hy
1097 2903 1132 2933 U.
1363 2905 1373 2921 ¹
1393 2905 1441 2933 Sic
1455 2905 1489 2934 O.
1521 2905 1547 2940 J.
1563 2906 1616 2934 has
1627 2910 1658 2934 ut
1672 2906 1785 2936 fidant.

618 2946 629 2962 ¹
650 2945 708 2973 Nut
721 2954 835 2980 curvae,
848 2954 881 2974 aa
892 2946 919 2973 in
932 2946 959 2979 J.
