2350 3580
587 717 655 750 422
881 706 983 740 um.
988 705 1171 739 TIPLICA
1178 700 1208 738 T
1203 705 1257 739 10
1283 705 1566 739 SPECIERUM.

587 797 689 835 modi
726 802 896 833 auctores
928 795 1183 842 intelliguntur
1212 795 1262 832 ad
1303 795 1447 831 literam
1487 787 1536 832 ὃς
1576 794 1796 831 alteratione
1826 797 1867 830 et

588 854 823 902 generatione
847 852 1019 895 sensibili.
1043 859 1083 890 et
1107 852 1303 890 manifesta
1323 852 1443 890 sensui
1468 851 1679 900 particulari
1701 857 1740 888 et
1765 863 1868 888 torn·

588 911 701 948 muni.
768 911 878 947 Hanc
910 911 1009 947 enim
1044 910 1223 947 naturalis
1258 910 1501 958 philosophus
1527 910 1747 952 considerat.
1777 909 1867 956 quia

587 968 835 1015 principaliter
866 968 1072 1004 considerat
1099 980 1143 1004 ea
1168 980 1265 1014 quae
1290 973 1376 1004 sunt
1399 969 1448 1004 ad
1473 978 1632 1011 sensum,
1662 968 1867 1003 secundum

588 1027 688 1072 quod
699 1026 790 1062 dicit
802 1026 1026 1062 Aristoteles
1043 1026 1176 1072 pluries
1190 1027 1290 1072 quod
1304 1026 1507 1062 considerat
1521 1024 1709 1060 materiam
1719 1023 1735 1046 ²
1749 1023 1866 1060 sensi·

588 1083 700 1120 bilem
724 1089 761 1119 et
783 1094 839 1119 ea·
850 1093 947 1129 quae
963 1093 1091 1120 sensus
1112 1089 1219 1125 sunu
1252 1088 1292 1119 et
1320 1083 1403 1119 ideo
1428 1082 1521 1119 haec
1541 1087 1664 1129 potat
1687 1092 1768 1117 ase
1793 1091 1868 1117 una

588 1151 697 1177 causa
721 1151 836 1186 quare
862 1141 957 1176 inter
981 1141 1134 1177 virtutes
1158 1140 1304 1177 animae
1327 1140 1521 1175 sensitivae
1554 1138 1646 1174 nihil
1673 1137 1795 1184 tangit
1818 1137 1868 1173 de

588 1197 818 1233 aestimativa
839 1203 876 1232 et
897 1197 1105 1243 cogitativa,
1123 1208 1221 1243 quae
1244 1203 1415 1232 naturam
1434 1194 1645 1232 sensibilem
1668 1193 1867 1242 vulgariter

588 1254 785 1291 excedunt.
852 1252 1050 1290 Sensibilia
1085 1254 1183 1290 enim
1208 1253 1361 1300 vulgato
1394 1253 1539 1290 nomine
1565 1252 1743 1294 dicuntur.
1769 1262 1867 1298 quae

588 1311 912 1359 apprehenduntur
948 1323 970 1348 a
1006 1311 1172 1348 sensibus
1204 1310 1485 1359 particularibus
1517 1315 1555 1346 et
1594 1310 1792 1352 communi,
1829 1314 1868 1344 et

588 1369 672 1404 ideo
706 1380 779 1404 non
817 1369 917 1415 cogit
957 1369 1019 1404 illa
1056 1369 1255 1405 auctoritas
1288 1380 1354 1422 nec
1387 1368 1512 1414 aliqua
1544 1367 1754 1403 consimilis.
1816 1366 1867 1402 Et

587 1431 710 1472 potest
735 1426 846 1462 etiam
868 1426 1045 1462 veraciter
1070 1426 1141 1462 dici
1159 1427 1261 1472 quod
1283 1426 1514 1462 substantiae
1537 1431 1595 1462 est
1616 1425 1756 1472 aliquid
1780 1435 1869 1461 eon·

586 1483 750 1527 trarium,
764 1488 806 1520 ut·
823 1483 970 1520 inferius
987 1489 1194 1530 exponetur
1212 1496 1221 1525 ;
1244 1489 1281 1520 et
1299 1488 1353 1520 est
1370 1485 1608 1521 contrarietas
1624 1483 1718 1520 inter
1730 1482 1868 1519 formas

588 1541 847 1576 substantiales
876 1541 1140 1576 elementorum
1170 1547 1209 1576 et
1234 1542 1460 1577 substantias
1484 1553 1632 1583 eorurm
1674 1546 1712 1577 et
1740 1545 1868 1576 tamen

589 1610 664 1634 non
688 1604 804 1644 agunt
831 1598 879 1634 ad
914 1598 1066 1634 invicem
1099 1600 1383 1635 transmutando
1410 1611 1450 1634 se
1478 1605 1517 1635 et
1550 1604 1681 1635 mutuo
1706 1609 1869 1635 corruto-

589 1657 725 1703 pendo.
766 1655 841 1692 Sed
861 1656 986 1701 quoad
1003 1665 1130 1692 eorum
1143 1656 1405 1693 substantiales
1422 1663 1574 1693 naturae
1594 1656 1869 1693 considerantur

589 1714 625 1748 in
648 1724 699 1755 se,
725 1724 798 1748 non
824 1719 978 1758 possunt
1001 1714 1300 1749 contrarietatem
1324 1714 1481 1758 habere;
1523 1715 1587 1750 sed
1617 1715 1654 1749 in
1685 1720 1867 1761 quantiam

588 1771 792 1806 contrariae
825 1777 921 1813 sunt,
957 1767 1088 1818 [agunt
1117 1783 1157 1812 se
1190 1772 1472 1817 corrumpendo.
1504 1768 1706 1808 secundum
1737 1783 1867 1808 eorum

588 1828 849 1866 substantiales
879 1827 1065 1877 sormas¹.]
1117 1828 1170 1865 Et
1201 1829 1272 1864 hoc
1299 1835 1355 1866 est
1390 1831 1490 1875 quod
1514 1829 1737 1866 Aristoteles
1767 1831 1867 1872 dicit,

588 1887 689 1930 quod
715 1886 810 1932 ignis
832 1892 871 1920 et
895 1893 990 1921 terra
1008 1897 1079 1920 non
1101 1893 1219 1932 agunt
1241 1888 1443 1923 seeundum
1459 1888 1559 1933 quod
1583 1887 1677 1934 ignis
1698 1893 1738 1923 et
1758 1894 1868 1931 terra,

589 1944 706 1978 sedin
724 1950 901 1989 quantum
926 1944 1108 1979 contraria
1121 1944 1143 1979 ³.
1198 1944 1283 1980 Non
1302 1950 1426 1980 tamen
1448 1945 1618 1991 intelligit
1643 1945 1703 1980 hic
1718 1945 1769 1980 de
1788 1945 1867 1981 sola

590 2000 850 2037 contrarietate
868 2002 961 2036 inter
977 2000 1183 2037 accidentia
1204 1996 1483 2046 elementorum,
1498 2003 1586 2038 licet
1607 2004 1654 2039 de
1671 2003 1732 2039 illa
1750 2004 1868 2049 magis

589 2058 848 2105 exemplificat,
858 2059 943 2104 quia
953 2058 1159 2095 sensibilior
1172 2066 1230 2096 est
1241 2071 1250 2102 ;
1265 2061 1330 2096 sed
1344 2061 1392 2096 de
1401 2060 1657 2096 contrarietate
1667 2060 1868 2110 formarum

590 2115 886 2151 substantialium
912 2127 1049 2157 eorum,
1070 2122 1221 2162 propter
1236 2129 1332 2162 quae
1356 2117 1399 2153 fit
1422 2117 1565 2153 fallacia
1585 2118 1869 2154 contradicentis

590 2174 626 2208 in
650 2172 895 2209 cavillatione.
945 2173 997 2209 Et
1017 2174 1350 2210 licet-Aristoteles
1376 2176 1475 2210 dicat
1505 2175 1633 2220 logice,
1656 2176 1756 2220 quod
1783 2176 1868 2212 sub-

589 2231 748 2266 stantiae
777 2230 867 2266 nihil
895 2236 951 2266 est
980 2233 1216 2273 contrarium,
1242 2239 1367 2268 tamen
1399 2238 1503 2278 patet
1525 2233 1626 2278 quod
1656 2245 1729 2269 uno
1755 2234 1869 2270 modo

590 2293 646 2323 est
672 2287 908 2323 contrarietas
937 2289 1141 2334 aliquarum
1174 2289 1374 2342 formarum
1405 2291 1501 2324 circa
1530 2290 1627 2327 idem
1656 2291 1868 2337 subjectum

590 2344 783 2380 actualiter
799 2347 1037 2382 constitutum
1060 2348 1094 2382 in
1121 2358 1201 2382 esse
1223 2347 1403 2392 specifico,
1421 2353 1463 2383 ut
1487 2347 1669 2383 albedinis
1687 2354 1725 2384 et
1747 2350 1867 2395 nigre-

590 2402 686 2439 dinis
701 2402 797 2439 circa
815 2409 961 2445 sortem.
979 2410 1014 2439 et
1032 2404 1139 2440 calidi
1157 2411 1196 2440 et
1214 2404 1334 2450 frigidi
1352 2405 1447 2440 circa
1465 2404 1618 2451 lignum.
1670 2405 1720 2441 Et
1744 2406 1869 2451 hujus-

593 2460 692 2511 modi
710 2462 948 2497 contrarietas
966 2452 1039 2497 non
1057 2469 1110 2498 est
1128 2462 1163 2497 in
1181 2462 1385 2498 substantia
1403 2464 1467 2498 sed
1487 2463 1649 2499 maxime
1666 2470 1732 2500 aut
1747 2463 1867 2500 solum

593 2518 628 2552 in
650 2518 837 2562 qualitate,
857 2524 893 2554 et
917 2519 963 2554 de
987 2519 1054 2554 hac
1081 2519 1241 2564 loquitur
1259 2520 1295 2554 in
1316 2520 1623 2556 Praedicamentis
1643 2521 1720 2557 suis
1743 2521 1867 2568 logice,

593 2581 629 2610 et
642 2576 690 2610 ad
708 2575 982 2612 instructionem
1001 2583 1227 2622 grossam„et
1240 2578 1403 2612 similiter
1421 2578 1456 2613 in
1470 2579 1598 2623 quinto
1618 2579 1867 2624 Physicorum.

595 2633 670 2669 Sed
701 2633 806 2669 aliter
839 2635 939 2678 dicit,
972 2635 1008 2670 in
1043 2635 1114 2670 fine
1139 2635 1189 2671 de
1219 2635 1475 2683 Generatione,
1505 2636 1752 2673 substantiam
1789 2649 1868 2674 esse

593 2691 819 2738 spbstantiae
843 2693 1079 2733 contrariam3
1110 2697 1147 2727 et
1171 2693 1208 2727 in
1225 2693 1343 2738 primo
1367 2693 1607 2740 physicorum
1621 2692 1645 2736 ⁴.
1661 2695 1760 2742 quod
1780 2706 1869 2731 con·

630 2781 637 2796 ¹
657 2784 795 2814 naturam,
812 2780 856 2812 0..
873 2782 1026 2816 materiam,
1044 2782 1117 2816 Reg.

628 2823 639 2839 ⁸
657 2824 720 2851 The
731 2825 830 2851 words
842 2825 871 2851 in
886 2825 1014 2852 brackets
1026 2834 1077 2852 are
1090 2824 1210 2852 omitted
1224 2826 1252 2853 in
1269 2826 1341 2862 Reg.

630 2867 640 2884 ³
659 2866 703 2894 De
723 2867 788 2894 Gen.
804 2868 831 2894 ii.
848 2868 875 2901 Β,
890 2871 903 2901 ς
917 2877 934 2895 a
947 2868 983 2902 ’γῆ
999 2868 1050 2902 μὶν
1067 2867 1121 2903 γᾶρ
1139 2868 1205 2904 ἀέρι.
1225 2868 1294 2904 ὕδωρ
1311 2868 1340 2897 δὲ
1360 2870 1419 2905 nep?
1436 2871 1558 2898 ἐναντίον
1577 2869 1661 2903 ἱστία,
1678 2871 1713 2900 ὡς
1729 2871 1868 2906 &ulixem

593 2910 685 2938 οὐσίαι
696 2911 776 2946 obolo
787 2911 910 2937 {var-rim·
924 2910 998 2939 atvar.
1038 2913 1081 2939 Cf.
1098 2913 1140 2939 De
1151 2913 1239 2946 Coelo,
1255 2914 1281 2941 ii.
1299 2922 1324 2947 3,
1342 2917 1355 2946 5
1370 2923 1396 2948 3.

629 2956 637 2970 ”
657 2954 699 2982 Cs.
717 2955 764 2983 the
778 2955 937 2983 discussion
952 2955 983 2982 oi
992 2956 1048 2983 this
1061 2958 1193 2991 question
1209 2958 1236 2985 in
1250 2957 1314 2985 Nae.
1329 2958 1455 2985 Aust-ult.
1471 2959 1487 2985 i.
1503 2967 1564 2994 up.
1577 2967 1604 2994 5,
1617 2961 1645 2993 6,
1661 2967 1685 2993 ¹1.
