<?xml version="1.0" encoding="UTF-8"?>
<!DOCTYPE html PUBLIC "-//W3C//DTD XHTML 1.0 Transitional//EN"
    "http://www.w3.org/TR/xhtml1/DTD/xhtml1-transitional.dtd">
<html xmlns="http://www.w3.org/1999/xhtml" xml:lang="en" lang="en">
 <head>
  <title>
</title>
<meta http-equiv="Content-Type" content="text/html;charset=utf-8" />
  <meta name='ocr-system' content='tesseract 3.04.00' />
  <meta name='ocr-capabilities' content='ocr_page ocr_carea ocr_par ocr_line ocrx_word'/>
</head>
<body>
  <div class='ocr_page' id='page_1' title='image "./opusmajusrogerb00bridgoog/opusmajusrogerb00bridgoog_0356.png"; bbox 0 0 2350 3580; ppageno 0'>
   <div class='ocr_carea' id='block_1_1' title="bbox 569 700 1610 747">
    <p class='ocr_par' dir='ltr' id='par_1_1' title="bbox 569 700 1610 747">
     <span class='ocr_line' id='line_1_1' title="bbox 569 700 1610 747; baseline -0.002 -10"><span class='ocrx_word' id='word_1_1' title='bbox 569 713 638 747; x_wconf 80' lang='lat'>344</span> <span class='ocrx_word' id='word_1_2' title='bbox 805 703 978 737; x_wconf 80' lang='lat' dir='ltr'><em>OPERIS</em></span> <span class='ocrx_word' id='word_1_3' title='bbox 1001 702 1213 742; x_wconf 69' lang='lat' dir='ltr'><strong><em>MAJORIS</em></strong></span> <span class='ocrx_word' id='word_1_4' title='bbox 1239 701 1365 736; x_wconf 75' lang='lat' dir='ltr'><em>PARS</em></span> <span class='ocrx_word' id='word_1_5' title='bbox 1390 700 1610 736; x_wconf 70' lang='lat' dir='ltr'><strong><em>SEPTIMA.</em></strong></span> 
     </span>
    </p>
   </div>
   <div class='ocr_carea' id='block_1_2' title="bbox 397 790 1861 2912">
    <p class='ocr_par' dir='ltr' id='par_1_2' title="bbox 397 790 1861 2912">
     <span class='ocr_line' id='line_1_2' title="bbox 573 790 1844 840; baseline -0.001 -12"><span class='ocrx_word' id='word_1_6' title='bbox 573 792 697 829; x_wconf 84' lang='lat' dir='ltr'>animo</span> <span class='ocrx_word' id='word_1_7' title='bbox 732 819 744 829; x_wconf 84' lang='lat'><strong>.</strong></span> <span class='ocrx_word' id='word_1_8' title='bbox 769 820 777 830; x_wconf 95' lang='lat'>.</span> <span class='ocrx_word' id='word_1_9' title='bbox 803 818 811 828; x_wconf 94' lang='lat'><em>.</em></span> <span class='ocrx_word' id='word_1_10' title='bbox 837 792 930 829; x_wconf 78' lang='lat' dir='ltr'>effici</span> <span class='ocrx_word' id='word_1_11' title='bbox 963 798 1129 840; x_wconf 79' lang='lat' dir='ltr'>possunt.</span> <span class='ocrx_word' id='word_1_12' title='bbox 1181 791 1256 839; x_wconf 85' lang='lat' dir='ltr'>Qui</span> <span class='ocrx_word' id='word_1_13' title='bbox 1288 791 1359 829; x_wconf 83' lang='lat' dir='ltr'>sibi</span> <span class='ocrx_word' id='word_1_14' title='bbox 1384 791 1455 828; x_wconf 87' lang='lat' dir='ltr'>hoc</span> <span class='ocrx_word' id='word_1_15' title='bbox 1482 791 1715 839; x_wconf 72' lang='lat' dir='ltr'>praepoouit;</span> <span class='ocrx_word' id='word_1_16' title='bbox 1758 790 1844 837; x_wconf 76' lang='lat' dir='ltr'>Ego</span> 
     </span>
     <span class='ocr_line' id='line_1_3' title="bbox 575 848 1846 897; baseline -0.002 -11"><span class='ocrx_word' id='word_1_17' title='bbox 575 857 730 887; x_wconf 84' lang='lat' dir='ltr'>mortem</span> <span class='ocrx_word' id='word_1_18' title='bbox 748 850 879 886; x_wconf 83' lang='lat' dir='ltr'>eodem</span> <span class='ocrx_word' id='word_1_19' title='bbox 897 850 999 887; x_wconf 81' lang='lat' dir='ltr'>vultu</span> <span class='ocrx_word' id='word_1_20' title='bbox 1014 861 1100 886; x_wconf 81' lang='lat' dir='ltr'>cum</span> <span class='ocrx_word' id='word_1_21' title='bbox 1117 861 1192 897; x_wconf 87' lang='lat' dir='ltr'>quo</span> <span class='ocrx_word' id='word_1_22' title='bbox 1214 850 1362 886; x_wconf 77' lang='lat' dir='ltr'>audiam</span> <span class='ocrx_word' id='word_1_23' title='bbox 1385 849 1541 891; x_wconf 77' lang='lat' dir='ltr'>videb03</span> <span class='ocrx_word' id='word_1_24' title='bbox 1567 860 1638 896; x_wconf 79' lang='lat' dir='ltr'>ego</span> <span class='ocrx_word' id='word_1_25' title='bbox 1658 848 1846 885; x_wconf 77' lang='lat' dir='ltr'>laboribus</span> 
     </span>
     <span class='ocr_line' id='line_1_4' title="bbox 574 907 1847 955; baseline -0.002 -12"><span class='ocrx_word' id='word_1_26' title='bbox 574 908 859 955; x_wconf 73' lang='lat' dir='ltr'><strong>quanticumque</strong></span> <span class='ocrx_word' id='word_1_27' title='bbox 883 907 934 943; x_wconf 82' lang='lat' dir='ltr'>ini</span> <span class='ocrx_word' id='word_1_28' title='bbox 960 912 1075 951; x_wconf 72' lang='lat' dir='ltr'>erunt,</span> <span class='ocrx_word' id='word_1_29' title='bbox 1097 908 1236 955; x_wconf 78' lang='lat' dir='ltr'>parebo</span> <span class='ocrx_word' id='word_1_30' title='bbox 1258 908 1382 943; x_wconf 76' lang='lat' dir='ltr'>animo</span> <span class='ocrx_word' id='word_1_31' title='bbox 1406 907 1558 943; x_wconf 77' lang='lat' dir='ltr'>fulciens</span> <span class='ocrx_word' id='word_1_32' title='bbox 1583 917 1738 955; x_wconf 73' lang='lat' dir='ltr'>corpus:</span> <span class='ocrx_word' id='word_1_33' title='bbox 1774 917 1847 952; x_wconf 80' lang='lat' dir='ltr'>ego</span> 
     </span>
     <span class='ocr_line' id='line_1_5' title="bbox 573 963 1846 1011; baseline -0.002 -11"><span class='ocrx_word' id='word_1_34' title='bbox 573 965 719 1001; x_wconf 79' lang='lat' dir='ltr'>divitias</span> <span class='ocrx_word' id='word_1_35' title='bbox 743 970 781 1001; x_wconf 86' lang='lat' dir='ltr'>et</span> <span class='ocrx_word' id='word_1_36' title='bbox 808 971 1017 1011; x_wconf 77' lang='lat' dir='ltr'>praesentes</span> <span class='ocrx_word' id='word_1_37' title='bbox 1041 970 1081 1001; x_wconf 89' lang='lat' dir='ltr'>et</span> <span class='ocrx_word' id='word_1_38' title='bbox 1104 965 1276 1001; x_wconf 79' lang='lat' dir='ltr'>absentee</span> <span class='ocrx_word' id='word_1_39' title='bbox 1301 977 1419 1010; x_wconf 85' lang='lat' dir='ltr'>aeque</span> <span class='ocrx_word' id='word_1_40' title='bbox 1443 970 1692 1007; x_wconf 79' lang='lat' dir='ltr'>contemnam,</span> <span class='ocrx_word' id='word_1_41' title='bbox 1714 975 1792 1005; x_wconf 79' lang='lat' dir='ltr'>nec,</span> <span class='ocrx_word' id='word_1_42' title='bbox 1815 963 1846 998; x_wconf 79' lang='lat' dir='ltr'>si</span> 
     </span>
     <span class='ocr_line' id='line_1_6' title="bbox 573 1021 1846 1068; baseline -0.002 -10"><span class='ocrx_word' id='word_1_43' title='bbox 573 1022 706 1059; x_wconf 77' lang='lat' dir='ltr'>alicubi</span> <span class='ocrx_word' id='word_1_44' title='bbox 719 1021 906 1068; x_wconf 84' lang='lat' dir='ltr'>jacebunt,</span> <span class='ocrx_word' id='word_1_45' title='bbox 923 1022 1070 1065; x_wconf 82' lang='lat' dir='ltr'>tristior,</span> <span class='ocrx_word' id='word_1_46' title='bbox 1087 1033 1154 1058; x_wconf 86' lang='lat' dir='ltr'>nec</span> <span class='ocrx_word' id='word_1_47' title='bbox 1170 1022 1201 1058; x_wconf 90' lang='lat' dir='ltr'>si</span> <span class='ocrx_word' id='word_1_48' title='bbox 1216 1022 1313 1059; x_wconf 78' lang='lat' dir='ltr'>circa</span> <span class='ocrx_word' id='word_1_49' title='bbox 1332 1033 1392 1058; x_wconf 89' lang='lat' dir='ltr'>me</span> <span class='ocrx_word' id='word_1_50' title='bbox 1408 1021 1612 1068; x_wconf 77' lang='lat' dir='ltr'>fulgebunt,</span> <span class='ocrx_word' id='word_1_51' title='bbox 1623 1021 1846 1058; x_wconf 72' lang='lat' dir='ltr'>animosior:</span> 
     </span>
     <span class='ocr_line' id='line_1_7' title="bbox 575 1080 1847 1126; baseline -0.001 -12"><span class='ocrx_word' id='word_1_52' title='bbox 575 1091 645 1126; x_wconf 75' lang='lat' dir='ltr'>ego</span> <span class='ocrx_word' id='word_1_53' title='bbox 670 1080 854 1116; x_wconf 78' lang='lat' dir='ltr'>fortunam</span> <span class='ocrx_word' id='word_1_54' title='bbox 879 1090 948 1117; x_wconf 85' lang='lat' dir='ltr'>nec</span> <span class='ocrx_word' id='word_1_55' title='bbox 970 1080 1176 1117; x_wconf 79' lang='lat' dir='ltr'>venientem</span> <span class='ocrx_word' id='word_1_56' title='bbox 1214 1080 1370 1116; x_wconf 78' lang='lat' dir='ltr'>sentiam.</span> <span class='ocrx_word' id='word_1_57' title='bbox 1403 1091 1472 1115; x_wconf 88' lang='lat' dir='ltr'>nec</span> <span class='ocrx_word' id='word_1_58' title='bbox 1496 1080 1749 1116; x_wconf 79' lang='lat' dir='ltr'>recedentem:</span> <span class='ocrx_word' id='word_1_59' title='bbox 1774 1089 1847 1124; x_wconf 77' lang='lat' dir='ltr'>ego</span> 
     </span>
     <span class='ocr_line' id='line_1_8' title="bbox 575 1137 1846 1184; baseline 0 -12"><span class='ocrx_word' id='word_1_60' title='bbox 575 1142 690 1173; x_wconf 81' lang='lat' dir='ltr'>terras</span> <span class='ocrx_word' id='word_1_61' title='bbox 706 1148 835 1173; x_wconf 83' lang='lat' dir='ltr'>omnes</span> <span class='ocrx_word' id='word_1_62' title='bbox 850 1142 1028 1184; x_wconf 78' lang='lat' dir='ltr'><strong>tanquam</strong></span> <span class='ocrx_word' id='word_1_63' title='bbox 1054 1149 1154 1173; x_wconf 79' lang='lat' dir='ltr'>meas</span> <span class='ocrx_word' id='word_1_64' title='bbox 1176 1138 1322 1179; x_wconf 79' lang='lat' dir='ltr'>videbo.</span> <span class='ocrx_word' id='word_1_65' title='bbox 1339 1149 1440 1173; x_wconf 84' lang='lat' dir='ltr'>meas</span> <span class='ocrx_word' id='word_1_66' title='bbox 1458 1142 1634 1183; x_wconf 74' lang='lat' dir='ltr'>tanquam</span> <span class='ocrx_word' id='word_1_67' title='bbox 1654 1137 1821 1172; x_wconf 87' lang='lat' dir='ltr'>omnium</span> <span class='ocrx_word' id='word_1_68' title='bbox 1837 1148 1846 1172; x_wconf 70' lang='grc' dir='ltr'><strong>ε</strong></span> 
     </span>
     <span class='ocr_line' id='line_1_9' title="bbox 575 1194 1848 1242; baseline -0.002 -11"><span class='ocrx_word' id='word_1_69' title='bbox 575 1206 646 1241; x_wconf 84' lang='lat' dir='ltr'>ego</span> <span class='ocrx_word' id='word_1_70' title='bbox 664 1194 716 1230; x_wconf 81' lang='lat' dir='ltr'>sic</span> <span class='ocrx_word' id='word_1_71' title='bbox 732 1194 855 1231; x_wconf 78' lang='lat' dir='ltr'>vivam</span> <span class='ocrx_word' id='word_1_72' title='bbox 870 1197 973 1242; x_wconf 73' lang='lat' dir='ltr'>quasi</span> <span class='ocrx_word' id='word_1_73' title='bbox 990 1196 1105 1231; x_wconf 82' lang='lat' dir='ltr'>sciam</span> <span class='ocrx_word' id='word_1_74' title='bbox 1123 1194 1203 1231; x_wconf 76' lang='lat' dir='ltr'>aliis</span> <span class='ocrx_word' id='word_1_75' title='bbox 1221 1206 1279 1230; x_wconf 87' lang='lat' dir='ltr'>me</span> <span class='ocrx_word' id='word_1_76' title='bbox 1296 1200 1423 1231; x_wconf 85' lang='lat' dir='ltr'>natum</span> <span class='ocrx_word' id='word_1_77' title='bbox 1443 1221 1450 1230; x_wconf 92' lang='lat'><strong><em>.</em></strong></span> <span class='ocrx_word' id='word_1_78' title='bbox 1470 1221 1478 1230; x_wconf 96' lang='lat'><em>.</em></span> <span class='ocrx_word' id='word_1_79' title='bbox 1496 1221 1506 1230; x_wconf 93' lang='lat'>.</span> <span class='ocrx_word' id='word_1_80' title='bbox 1525 1205 1639 1231; x_wconf 83' lang='lat' dir='ltr'>unum</span> <span class='ocrx_word' id='word_1_81' title='bbox 1653 1204 1714 1231; x_wconf 84' lang='lat' dir='ltr'>me</span> <span class='ocrx_word' id='word_1_82' title='bbox 1729 1194 1848 1230; x_wconf 84' lang='lat' dir='ltr'>dona·</span> 
     </span>
     <span class='ocr_line' id='line_1_10' title="bbox 577 1252 1849 1299; baseline -0.002 -12"><span class='ocrx_word' id='word_1_83' title='bbox 577 1252 628 1288; x_wconf 82' lang='lat' dir='ltr'>vit</span> <span class='ocrx_word' id='word_1_84' title='bbox 654 1252 821 1288; x_wconf 84' lang='lat' dir='ltr'>omnibus</span> <span class='ocrx_word' id='word_1_85' title='bbox 845 1252 909 1288; x_wconf 89' lang='lat' dir='ltr'>uni</span> <span class='ocrx_word' id='word_1_86' title='bbox 937 1252 1024 1288; x_wconf 88' lang='lat' dir='ltr'>mihi</span> <span class='ocrx_word' id='word_1_87' title='bbox 1050 1263 1203 1295; x_wconf 78' lang='lat' dir='ltr'>omnes;</span> <span class='ocrx_word' id='word_1_88' title='bbox 1236 1253 1410 1299; x_wconf 84' lang='lat' dir='ltr'>quiequid</span> <span class='ocrx_word' id='word_1_89' title='bbox 1436 1252 1583 1289; x_wconf 85' lang='lat' dir='ltr'>habebo</span> <span class='ocrx_word' id='word_1_90' title='bbox 1607 1263 1674 1288; x_wconf 84' lang='lat' dir='ltr'>nec</span> <span class='ocrx_word' id='word_1_91' title='bbox 1698 1252 1849 1287; x_wconf 80' lang='lat' dir='ltr'>sordide</span> 
     </span>
     <span class='ocr_line' id='line_1_11' title="bbox 577 1310 1849 1356; baseline 0.001 -12"><span class='ocrx_word' id='word_1_92' title='bbox 577 1310 783 1346; x_wconf 79' lang='lat' dir='ltr'>custodiam</span> <span class='ocrx_word' id='word_1_93' title='bbox 809 1321 875 1345; x_wconf 85' lang='lat' dir='ltr'>nec</span> <span class='ocrx_word' id='word_1_94' title='bbox 901 1310 1054 1356; x_wconf 79' lang='lat' dir='ltr'>prodige</span> <span class='ocrx_word' id='word_1_95' title='bbox 1083 1321 1281 1356; x_wconf 80' lang='lat' dir='ltr'>spargam;</span> <span class='ocrx_word' id='word_1_96' title='bbox 1319 1310 1408 1345; x_wconf 83' lang='lat' dir='ltr'>nihil</span> <span class='ocrx_word' id='word_1_97' title='bbox 1434 1310 1552 1356; x_wconf 79' lang='lat' dir='ltr'>tnagis</span> <span class='ocrx_word' id='word_1_98' title='bbox 1576 1310 1763 1355; x_wconf 79' lang='lat' dir='ltr'>possidere</span> <span class='ocrx_word' id='word_1_99' title='bbox 1788 1320 1849 1345; x_wconf 81' lang='lat' dir='ltr'>me</span> 
     </span>
     <span class='ocr_line' id='line_1_12' title="bbox 577 1365 1849 1414; baseline -0.001 -12"><span class='ocrx_word' id='word_1_100' title='bbox 577 1368 724 1403; x_wconf 83' lang='lat' dir='ltr'>credam</span> <span class='ocrx_word' id='word_1_101' title='bbox 741 1379 852 1414; x_wconf 88' lang='lat' dir='ltr'>quam</span> <span class='ocrx_word' id='word_1_102' title='bbox 872 1368 966 1404; x_wconf 89' lang='lat' dir='ltr'>bene</span> <span class='ocrx_word' id='word_1_103' title='bbox 981 1368 1132 1413; x_wconf 83' lang='lat' dir='ltr'>donata,</span> <span class='ocrx_word' id='word_1_104' title='bbox 1145 1379 1219 1403; x_wconf 82' lang='lat' dir='ltr'>non</span> <span class='ocrx_word' id='word_1_105' title='bbox 1239 1379 1390 1403; x_wconf 85' lang='lat' dir='ltr'>numero</span> <span class='ocrx_word' id='word_1_106' title='bbox 1408 1379 1474 1404; x_wconf 85' lang='lat' dir='ltr'>nec</span> <span class='ocrx_word' id='word_1_107' title='bbox 1492 1368 1654 1414; x_wconf 79' lang='lat' dir='ltr'>pondere</span> <span class='ocrx_word' id='word_1_108' title='bbox 1671 1365 1849 1403; x_wconf 83' lang='lat' dir='ltr'>beneficia</span> 
     </span>
     <span class='ocr_line' id='line_1_13' title="bbox 577 1424 1848 1472; baseline 0 -12"><span class='ocrx_word' id='word_1_109' title='bbox 577 1435 646 1461; x_wconf 83' lang='lat' dir='ltr'>nec</span> <span class='ocrx_word' id='word_1_110' title='bbox 661 1425 735 1461; x_wconf 81' lang='lat' dir='ltr'>ulla</span> <span class='ocrx_word' id='word_1_111' title='bbox 752 1425 819 1461; x_wconf 77' lang='lat' dir='ltr'>nisi</span> <span class='ocrx_word' id='word_1_112' title='bbox 839 1425 1049 1472; x_wconf 81' lang='lat' dir='ltr'>accipientis</span> <span class='ocrx_word' id='word_1_113' title='bbox 1063 1425 1322 1461; x_wconf 54' lang='lat' dir='ltr'>aestimatione</span> <span class='ocrx_word' id='word_1_114' title='bbox 1332 1425 1557 1472; x_wconf 80' lang='lat' dir='ltr'>perpendam</span> <span class='ocrx_word' id='word_1_115' title='bbox 1574 1436 1581 1467; x_wconf 87' lang='lat'><strong>;</strong></span> <span class='ocrx_word' id='word_1_116' title='bbox 1606 1435 1796 1470; x_wconf 82' lang='lat' dir='ltr'>nunquam</span> <span class='ocrx_word' id='word_1_117' title='bbox 1810 1424 1848 1460; x_wconf 88' lang='lat' dir='ltr'>id</span> 
     </span>
     <span class='ocr_line' id='line_1_14' title="bbox 580 1481 1850 1529; baseline 0 -13"><span class='ocrx_word' id='word_1_118' title='bbox 580 1481 668 1517; x_wconf 86' lang='lat' dir='ltr'>mihi</span> <span class='ocrx_word' id='word_1_119' title='bbox 687 1483 843 1519; x_wconf 85' lang='lat' dir='ltr'>multum</span> <span class='ocrx_word' id='word_1_120' title='bbox 861 1483 930 1519; x_wconf 84' lang='lat' dir='ltr'>erit</span> <span class='ocrx_word' id='word_1_121' title='bbox 948 1483 1045 1529; x_wconf 87' lang='lat' dir='ltr'>quod</span> <span class='ocrx_word' id='word_1_122' title='bbox 1069 1483 1205 1528; x_wconf 83' lang='lat' dir='ltr'>dignus</span> <span class='ocrx_word' id='word_1_123' title='bbox 1221 1483 1394 1528; x_wconf 76' lang='lat' dir='ltr'>accipiet:</span> <span class='ocrx_word' id='word_1_124' title='bbox 1422 1481 1512 1519; x_wconf 79' lang='lat' dir='ltr'>nihil</span> <span class='ocrx_word' id='word_1_125' title='bbox 1530 1482 1713 1528; x_wconf 74' lang='lat' dir='ltr'>opinionis</span> <span class='ocrx_word' id='word_1_126' title='bbox 1729 1492 1850 1524; x_wconf 79' lang='lat' dir='ltr'>eausa,</span> 
     </span>
     <span class='ocr_line' id='line_1_15' title="bbox 579 1538 1849 1586; baseline 0 -12"><span class='ocrx_word' id='word_1_127' title='bbox 579 1541 703 1574; x_wconf 80' lang='lat' dir='ltr'>omnia</span> <span class='ocrx_word' id='word_1_128' title='bbox 730 1538 997 1575; x_wconf 79' lang='lat' dir='ltr'>conscientiae¹</span> <span class='ocrx_word' id='word_1_129' title='bbox 1034 1539 1188 1576; x_wconf 78' lang='lat' dir='ltr'>faciam:</span> <span class='ocrx_word' id='word_1_130' title='bbox 1221 1541 1359 1586; x_wconf 86' lang='lat' dir='ltr'>populo</span> <span class='ocrx_word' id='word_1_131' title='bbox 1383 1546 1574 1586; x_wconf 82' lang='lat' dir='ltr'>spectante</span> <span class='ocrx_word' id='word_1_132' title='bbox 1598 1538 1675 1575; x_wconf 83' lang='lat' dir='ltr'>fieri</span> <span class='ocrx_word' id='word_1_133' title='bbox 1701 1540 1849 1574; x_wconf 74' lang='lat' dir='ltr'>credam</span> 
     </span>
     <span class='ocr_line' id='line_1_16' title="bbox 579 1595 1849 1643; baseline 0 -11"><span class='ocrx_word' id='word_1_134' title='bbox 579 1597 750 1643; x_wconf 84' lang='lat' dir='ltr'>quicquid</span> <span class='ocrx_word' id='word_1_135' title='bbox 768 1608 828 1633; x_wconf 86' lang='lat' dir='ltr'>me</span> <span class='ocrx_word' id='word_1_136' title='bbox 844 1598 990 1633; x_wconf 78' lang='lat' dir='ltr'>conscio</span> <span class='ocrx_word' id='word_1_137' title='bbox 1008 1597 1137 1634; x_wconf 82' lang='lat' dir='ltr'>faciam</span> <span class='ocrx_word' id='word_1_138' title='bbox 1155 1609 1163 1641; x_wconf 87' lang='lat'>;</span> <span class='ocrx_word' id='word_1_139' title='bbox 1190 1598 1323 1634; x_wconf 84' lang='lat' dir='ltr'>edendi</span> <span class='ocrx_word' id='word_1_140' title='bbox 1339 1597 1425 1633; x_wconf 88' lang='lat' dir='ltr'>mihi</span> <span class='ocrx_word' id='word_1_141' title='bbox 1441 1598 1510 1633; x_wconf 86' lang='lat' dir='ltr'>erit</span> <span class='ocrx_word' id='word_1_142' title='bbox 1527 1596 1752 1642; x_wconf 81' lang='lat' dir='ltr'>bibendique</span> <span class='ocrx_word' id='word_1_143' title='bbox 1767 1595 1849 1632; x_wconf 82' lang='lat' dir='ltr'>finis</span> 
     </span>
     <span class='ocr_line' id='line_1_17' title="bbox 579 1654 1849 1702; baseline -0.001 -12"><span class='ocrx_word' id='word_1_144' title='bbox 579 1654 759 1690; x_wconf 79' lang='lat' dir='ltr'>desideria</span> <span class='ocrx_word' id='word_1_145' title='bbox 772 1661 926 1690; x_wconf 84' lang='lat' dir='ltr'>naturae</span> <span class='ocrx_word' id='word_1_146' title='bbox 943 1656 1178 1701; x_wconf 82' lang='lat' dir='ltr'>restinguere,</span> <span class='ocrx_word' id='word_1_147' title='bbox 1195 1666 1269 1690; x_wconf 84' lang='lat' dir='ltr'>non</span> <span class='ocrx_word' id='word_1_148' title='bbox 1281 1655 1433 1702; x_wconf 86' lang='lat' dir='ltr'>implere</span> <span class='ocrx_word' id='word_1_149' title='bbox 1443 1655 1566 1690; x_wconf 79' lang='lat' dir='ltr'>alvum</span> <span class='ocrx_word' id='word_1_150' title='bbox 1583 1661 1621 1690; x_wconf 89' lang='lat' dir='ltr'>et</span> <span class='ocrx_word' id='word_1_151' title='bbox 1636 1654 1849 1696; x_wconf 84' lang='lat' dir='ltr'>exinanire3</span> 
     </span>
     <span class='ocr_line' id='line_1_18' title="bbox 579 1712 1851 1757; baseline 0 -10"><span class='ocrx_word' id='word_1_152' title='bbox 579 1723 641 1747; x_wconf 86' lang='lat' dir='ltr'>ero</span> <span class='ocrx_word' id='word_1_153' title='bbox 659 1713 786 1747; x_wconf 82' lang='lat' dir='ltr'>amicis</span> <span class='ocrx_word' id='word_1_154' title='bbox 806 1712 999 1757; x_wconf 73' lang='lat' dir='ltr'>jucundus,</span> <span class='ocrx_word' id='word_1_155' title='bbox 1017 1713 1170 1748; x_wconf 76' lang='lat' dir='ltr'>inimicis</span> <span class='ocrx_word' id='word_1_156' title='bbox 1196 1713 1296 1749; x_wconf 84' lang='lat' dir='ltr'>mitis</span> <span class='ocrx_word' id='word_1_157' title='bbox 1319 1719 1356 1748; x_wconf 90' lang='lat' dir='ltr'>et</span> <span class='ocrx_word' id='word_1_158' title='bbox 1381 1712 1514 1755; x_wconf 82' lang='lat' dir='ltr'>facilis;</span> <span class='ocrx_word' id='word_1_159' title='bbox 1538 1713 1723 1748; x_wconf 85' lang='lat' dir='ltr'>exorabor</span> <span class='ocrx_word' id='word_1_160' title='bbox 1745 1718 1851 1748; x_wconf 81' lang='lat' dir='ltr'>ante-</span> 
     </span>
     <span class='ocr_line' id='line_1_19' title="bbox 579 1769 1850 1816; baseline -0.001 -11"><span class='ocrx_word' id='word_1_161' title='bbox 579 1781 690 1816; x_wconf 83' lang='lat' dir='ltr'>quam</span> <span class='ocrx_word' id='word_1_162' title='bbox 709 1781 823 1815; x_wconf 80' lang='lat' dir='ltr'>roger,</span> <span class='ocrx_word' id='word_1_163' title='bbox 841 1769 1006 1806; x_wconf 74' lang='lat' dir='ltr'>honestis</span> <span class='ocrx_word' id='word_1_164' title='bbox 1021 1771 1192 1816; x_wconf 84' lang='lat' dir='ltr'>precibus</span> <span class='ocrx_word' id='word_1_165' title='bbox 1214 1782 1399 1806; x_wconf 77' lang='lat' dir='ltr'>occurram</span> <span class='ocrx_word' id='word_1_166' title='bbox 1416 1783 1423 1814; x_wconf 91' lang='lat'>;</span> <span class='ocrx_word' id='word_1_167' title='bbox 1450 1771 1607 1816; x_wconf 84' lang='lat' dir='ltr'>patriam</span> <span class='ocrx_word' id='word_1_168' title='bbox 1631 1781 1752 1805; x_wconf 86' lang='lat' dir='ltr'>meam</span> <span class='ocrx_word' id='word_1_169' title='bbox 1769 1781 1850 1805; x_wconf 78' lang='lat' dir='ltr'>esse</span> 
     </span>
     <span class='ocr_line' id='line_1_20' title="bbox 581 1826 1854 1874; baseline 0 -11"><span class='ocrx_word' id='word_1_170' title='bbox 581 1827 759 1863; x_wconf 84' lang='lat' dir='ltr'>mundum</span> <span class='ocrx_word' id='word_1_171' title='bbox 777 1827 888 1863; x_wconf 79' lang='lat' dir='ltr'>sciam</span> <span class='ocrx_word' id='word_1_172' title='bbox 901 1833 939 1863; x_wconf 90' lang='lat' dir='ltr'>et</span> <span class='ocrx_word' id='word_1_173' title='bbox 952 1827 1157 1874; x_wconf 82' lang='lat' dir='ltr'>praesidem</span> <span class='ocrx_word' id='word_1_174' title='bbox 1174 1828 1296 1864; x_wconf 84' lang='lat' dir='ltr'>Deum</span> <span class='ocrx_word' id='word_1_175' title='bbox 1309 1826 1323 1848; x_wconf 74' lang='lat'><strong>¹</strong></span> <span class='ocrx_word' id='word_1_176' title='bbox 1339 1842 1347 1871; x_wconf 78' lang='grc' dir='ltr'>ς</span> <span class='ocrx_word' id='word_1_177' title='bbox 1373 1828 1472 1864; x_wconf 86' lang='lat' dir='ltr'>hunc</span> <span class='ocrx_word' id='word_1_178' title='bbox 1487 1838 1596 1873; x_wconf 73' lang='lat' dir='ltr'>supra</span> <span class='ocrx_word' id='word_1_179' title='bbox 1612 1838 1672 1864; x_wconf 84' lang='lat' dir='ltr'>me</span> <span class='ocrx_word' id='word_1_180' title='bbox 1683 1827 1854 1873; x_wconf 79' lang='lat' dir='ltr'>circaque</span> 
     </span>
     <span class='ocr_line' id='line_1_21' title="bbox 581 1884 1854 1931; baseline 0.001 -12"><span class='ocrx_word' id='word_1_181' title='bbox 581 1895 641 1919; x_wconf 90' lang='lat' dir='ltr'>me</span> <span class='ocrx_word' id='word_1_182' title='bbox 666 1891 764 1920; x_wconf 83' lang='lat' dir='ltr'>stare</span> <span class='ocrx_word' id='word_1_183' title='bbox 789 1884 968 1920; x_wconf 83' lang='lat' dir='ltr'>sactorum</span> <span class='ocrx_word' id='word_1_184' title='bbox 1001 1885 1260 1931; x_wconf 86' lang='lat' dir='ltr'>dictorumque</span> <span class='ocrx_word' id='word_1_185' title='bbox 1288 1896 1502 1928; x_wconf 80' lang='lat' dir='ltr'>censorem;</span> <span class='ocrx_word' id='word_1_186' title='bbox 1534 1886 1756 1930; x_wconf 81' lang='lat' dir='ltr'>quandoque</span> <span class='ocrx_word' id='word_1_187' title='bbox 1787 1890 1854 1920; x_wconf 79' lang='lat' dir='ltr'>aut</span> 
     </span>
     <span class='ocr_line' id='line_1_22' title="bbox 581 1942 1854 1988; baseline 0.001 -12"><span class='ocrx_word' id='word_1_188' title='bbox 581 1947 712 1977; x_wconf 85' lang='lat' dir='ltr'>natura</span> <span class='ocrx_word' id='word_1_189' title='bbox 744 1942 910 1987; x_wconf 84' lang='lat' dir='ltr'>spiritum</span> <span class='ocrx_word' id='word_1_190' title='bbox 947 1948 1085 1988; x_wconf 87' lang='lat' dir='ltr'>repetet</span> <span class='ocrx_word' id='word_1_191' title='bbox 1120 1949 1183 1978; x_wconf 84' lang='lat' dir='ltr'>aut</span> <span class='ocrx_word' id='word_1_192' title='bbox 1219 1943 1310 1979; x_wconf 83' lang='lat' dir='ltr'>ratio</span> <span class='ocrx_word' id='word_1_193' title='bbox 1343 1944 1516 1986; x_wconf 78' lang='lat' dir='ltr'>dimittet,</span> <span class='ocrx_word' id='word_1_194' title='bbox 1547 1947 1705 1978; x_wconf 81' lang='lat' dir='ltr'>testatus</span> <span class='ocrx_word' id='word_1_195' title='bbox 1738 1943 1854 1977; x_wconf 80' lang='lat' dir='ltr'>exibo</span> 
     </span>
     <span class='ocr_line' id='line_1_23' title="bbox 581 1999 1856 2047; baseline 0 -13"><span class='ocrx_word' id='word_1_196' title='bbox 581 1999 717 2035; x_wconf 85' lang='lat' dir='ltr'>bonam</span> <span class='ocrx_word' id='word_1_197' title='bbox 737 2009 795 2034; x_wconf 86' lang='lat' dir='ltr'>me</span> <span class='ocrx_word' id='word_1_198' title='bbox 817 1999 1079 2036; x_wconf 81' lang='lat' dir='ltr'>conscientiam</span> <span class='ocrx_word' id='word_1_199' title='bbox 1105 2011 1256 2043; x_wconf 78' lang='lat' dir='ltr'>amasse,</span> <span class='ocrx_word' id='word_1_200' title='bbox 1276 2002 1373 2036; x_wconf 82' lang='lat' dir='ltr'>bona</span> <span class='ocrx_word' id='word_1_201' title='bbox 1399 2000 1530 2043; x_wconf 79' lang='lat' dir='ltr'>studia,</span> <span class='ocrx_word' id='word_1_202' title='bbox 1550 1999 1684 2036; x_wconf 78' lang='lat' dir='ltr'>nullius</span> <span class='ocrx_word' id='word_1_203' title='bbox 1704 2011 1769 2047; x_wconf 83' lang='lat' dir='ltr'>per</span> <span class='ocrx_word' id='word_1_204' title='bbox 1796 2010 1856 2035; x_wconf 84' lang='lat' dir='ltr'>me</span> 
     </span>
     <span class='ocr_line' id='line_1_24' title="bbox 584 2056 1858 2104; baseline 0.002 -14"><span class='ocrx_word' id='word_1_205' title='bbox 584 2056 787 2092; x_wconf 86' lang='lat' dir='ltr'>libertatem</span> <span class='ocrx_word' id='word_1_206' title='bbox 817 2057 1043 2093; x_wconf 83' lang='lat' dir='ltr'>deminutam</span> <span class='ocrx_word' id='word_1_207' title='bbox 1079 2085 1088 2092; x_wconf 93' lang='lat'>.</span> <span class='ocrx_word' id='word_1_208' title='bbox 1114 2083 1122 2092; x_wconf 91' lang='lat'><strong>.</strong></span> <span class='ocrx_word' id='word_1_209' title='bbox 1149 2085 1157 2093; x_wconf 92' lang='lat'><em>.</em></span> <span class='ocrx_word' id='word_1_210' title='bbox 1183 2059 1245 2104; x_wconf 82' lang='lat' dir='ltr'>qui</span> <span class='ocrx_word' id='word_1_211' title='bbox 1274 2058 1363 2094; x_wconf 88' lang='lat' dir='ltr'>haec</span> <span class='ocrx_word' id='word_1_212' title='bbox 1388 2058 1507 2094; x_wconf 84' lang='lat' dir='ltr'>facere</span> <span class='ocrx_word' id='word_1_213' title='bbox 1532 2064 1723 2102; x_wconf 78' lang='lat' dir='ltr'>proponet,</span> <span class='ocrx_word' id='word_1_214' title='bbox 1746 2056 1858 2098; x_wconf 77' lang='lat' dir='ltr'>volet.</span> 
     </span>
     <span class='ocr_line' id='line_1_25' title="bbox 581 2114 1857 2160; baseline 0.001 -12"><span class='ocrx_word' id='word_1_215' title='bbox 581 2114 791 2160; x_wconf 76' lang='lat' dir='ltr'>temptabit,</span> <span class='ocrx_word' id='word_1_216' title='bbox 812 2115 861 2159; x_wconf 74' lang='lat' dir='ltr'>ad</span> <span class='ocrx_word' id='word_1_217' title='bbox 881 2116 972 2150; x_wconf 82' lang='lat' dir='ltr'>deos</span> <span class='ocrx_word' id='word_1_218' title='bbox 993 2115 1061 2150; x_wconf 87' lang='lat' dir='ltr'>iter</span> <span class='ocrx_word' id='word_1_219' title='bbox 1085 2116 1216 2151; x_wconf 83' lang='lat' dir='ltr'>saciet:</span> <span class='ocrx_word' id='word_1_220' title='bbox 1243 2127 1312 2151; x_wconf 78' lang='lat' dir='ltr'>nae</span> <span class='ocrx_word' id='word_1_221' title='bbox 1336 2115 1410 2157; x_wconf 73' lang='lat' dir='ltr'>iile„</span> <span class='ocrx_word' id='word_1_222' title='bbox 1430 2115 1574 2151; x_wconf 80' lang='lat' dir='ltr'>etiamsi</span> <span class='ocrx_word' id='word_1_223' title='bbox 1600 2126 1672 2151; x_wconf 88' lang='lat' dir='ltr'>non</span> <span class='ocrx_word' id='word_1_224' title='bbox 1688 2114 1857 2155; x_wconf 85' lang='lat' dir='ltr'>tenuerit,</span> 
     </span>
     <span class='ocr_line' id='line_1_26' title="bbox 581 2168 1857 2220; baseline 0.001 -14"><span class='ocrx_word' id='word_1_225' title='bbox 581 2172 599 2187; x_wconf 77' lang='lat'>‘¹</span> <span class='ocrx_word' id='word_1_226' title='bbox 614 2171 755 2216; x_wconf 81' lang='lat' dir='ltr'>magnis</span> <span class='ocrx_word' id='word_1_227' title='bbox 781 2168 941 2220; x_wconf 86' lang='lat' dir='ltr'>[tamen]</span> <span class='ocrx_word' id='word_1_228' title='bbox 968 2173 1108 2209; x_wconf 83' lang='lat' dir='ltr'>excidit</span> <span class='ocrx_word' id='word_1_229' title='bbox 1132 2172 1268 2209; x_wconf 55' lang='lat' dir='ltr'>ausisss&#39;</span> <span class='ocrx_word' id='word_1_230' title='bbox 1316 2173 1395 2208; x_wconf 81' lang='lat' dir='ltr'>Vos</span> <span class='ocrx_word' id='word_1_231' title='bbox 1419 2172 1581 2218; x_wconf 75' lang='lat' dir='ltr'>quidem,</span> <span class='ocrx_word' id='word_1_232' title='bbox 1598 2173 1662 2218; x_wconf 83' lang='lat' dir='ltr'>qui</span> <span class='ocrx_word' id='word_1_233' title='bbox 1683 2172 1857 2208; x_wconf 72' lang='lat' dir='ltr'>virtutem</span> 
     </span>
     <span class='ocr_line' id='line_1_27' title="bbox 584 2228 1857 2274; baseline 0 -9"><span class='ocrx_word' id='word_1_234' title='bbox 584 2228 835 2273; x_wconf 82' lang='lat' dir='ltr'>cultoremque</span> <span class='ocrx_word' id='word_1_235' title='bbox 861 2229 939 2274; x_wconf 76' lang='lat' dir='ltr'>ejus</span> <span class='ocrx_word' id='word_1_236' title='bbox 966 2230 1108 2271; x_wconf 79' lang='lat' dir='ltr'>odistis.</span> <span class='ocrx_word' id='word_1_237' title='bbox 1134 2230 1223 2266; x_wconf 82' lang='lat' dir='ltr'>nihil</span> <span class='ocrx_word' id='word_1_238' title='bbox 1252 2230 1334 2266; x_wconf 83' lang='lat' dir='ltr'>novi</span> <span class='ocrx_word' id='word_1_239' title='bbox 1360 2229 1487 2266; x_wconf 83' lang='lat' dir='ltr'>facitis.</span> <span class='ocrx_word' id='word_1_240' title='bbox 1538 2229 1636 2265; x_wconf 85' lang='lat' dir='ltr'>Nam</span> <span class='ocrx_word' id='word_1_241' title='bbox 1672 2235 1707 2265; x_wconf 86' lang='lat' dir='ltr'>et</span> <span class='ocrx_word' id='word_1_242' title='bbox 1738 2229 1857 2265; x_wconf 80' lang='lat' dir='ltr'>solem</span> 
     </span>
     <span class='ocr_line' id='line_1_28' title="bbox 584 2285 1858 2333; baseline 0.002 -14"><span class='ocrx_word' id='word_1_243' title='bbox 584 2285 724 2320; x_wconf 79' lang='lat' dir='ltr'>lumina</span> <span class='ocrx_word' id='word_1_244' title='bbox 741 2297 850 2332; x_wconf 85' lang='lat' dir='ltr'>aegra</span> <span class='ocrx_word' id='word_1_245' title='bbox 875 2286 1074 2323; x_wconf 83' lang='lat' dir='ltr'>formidant</span> <span class='ocrx_word' id='word_1_246' title='bbox 1097 2293 1133 2322; x_wconf 88' lang='lat' dir='ltr'>et</span> <span class='ocrx_word' id='word_1_247' title='bbox 1152 2314 1159 2322; x_wconf 93' lang='lat'>.</span> <span class='ocrx_word' id='word_1_248' title='bbox 1181 2312 1188 2320; x_wconf 92' lang='lat'><em>.</em></span> <span class='ocrx_word' id='word_1_249' title='bbox 1210 2313 1216 2322; x_wconf 91' lang='lat'><em>.</em></span> <span class='ocrx_word' id='word_1_250' title='bbox 1234 2293 1412 2322; x_wconf 82' lang='lat' dir='ltr'>nocturna</span> <span class='ocrx_word' id='word_1_251' title='bbox 1434 2287 1607 2322; x_wconf 83' lang='lat' dir='ltr'>animalia</span> <span class='ocrx_word' id='word_1_252' title='bbox 1629 2311 1638 2322; x_wconf 90' lang='lat'><strong>.</strong></span> <span class='ocrx_word' id='word_1_253' title='bbox 1657 2311 1665 2321; x_wconf 92' lang='lat'><em>.</em></span> <span class='ocrx_word' id='word_1_254' title='bbox 1685 2313 1694 2322; x_wconf 90' lang='lat'><strong>.</strong></span> <span class='ocrx_word' id='word_1_255' title='bbox 1712 2287 1760 2322; x_wconf 86' lang='lat' dir='ltr'>ad</span> <span class='ocrx_word' id='word_1_256' title='bbox 1785 2287 1858 2333; x_wconf 88' lang='lat' dir='ltr'>pri-</span> 
     </span>
     <span class='ocr_line' id='line_1_29' title="bbox 588 2342 1858 2390; baseline 0 -12"><span class='ocrx_word' id='word_1_257' title='bbox 588 2353 686 2378; x_wconf 87' lang='lat' dir='ltr'>mum</span> <span class='ocrx_word' id='word_1_258' title='bbox 712 2342 792 2388; x_wconf 70' lang='lat' dir='ltr'>ejus</span> <span class='ocrx_word' id='word_1_259' title='bbox 817 2349 939 2379; x_wconf 86' lang='lat' dir='ltr'>ortum</span> <span class='ocrx_word' id='word_1_260' title='bbox 963 2350 1123 2390; x_wconf 84' lang='lat' dir='ltr'>stupent,</span> <span class='ocrx_word' id='word_1_261' title='bbox 1141 2351 1180 2380; x_wconf 93' lang='lat' dir='ltr'>et</span> <span class='ocrx_word' id='word_1_262' title='bbox 1203 2344 1356 2380; x_wconf 79' lang='lat' dir='ltr'>latibula</span> <span class='ocrx_word' id='word_1_263' title='bbox 1381 2354 1447 2378; x_wconf 82' lang='lat' dir='ltr'>sua</span> <span class='ocrx_word' id='word_1_264' title='bbox 1474 2344 1607 2388; x_wconf 78' lang='lat' dir='ltr'>passim</span> <span class='ocrx_word' id='word_1_265' title='bbox 1634 2350 1765 2390; x_wconf 85' lang='lat' dir='ltr'>petunt</span> <span class='ocrx_word' id='word_1_266' title='bbox 1787 2369 1798 2379; x_wconf 84' lang='lat'><strong>.</strong></span> <span class='ocrx_word' id='word_1_267' title='bbox 1820 2371 1828 2380; x_wconf 86' lang='lat'><strong><em>.</em></strong></span> <span class='ocrx_word' id='word_1_268' title='bbox 1850 2371 1858 2378; x_wconf 92' lang='lat'><strong>.</strong></span> 
     </span>
     <span class='ocr_line' id='line_1_30' title="bbox 585 2399 1858 2447; baseline 0.002 -13"><span class='ocrx_word' id='word_1_269' title='bbox 585 2400 732 2447; x_wconf 81' lang='lat' dir='ltr'>gemite,</span> <span class='ocrx_word' id='word_1_270' title='bbox 766 2399 950 2437; x_wconf 79' lang='lat' dir='ltr'>infelicem</span> <span class='ocrx_word' id='word_1_271' title='bbox 983 2401 1148 2447; x_wconf 82' lang='lat' dir='ltr'>linguam</span> <span class='ocrx_word' id='word_1_272' title='bbox 1188 2402 1367 2438; x_wconf 85' lang='lat' dir='ltr'>bonorum</span> <span class='ocrx_word' id='word_1_273' title='bbox 1407 2407 1577 2437; x_wconf 82' lang='lat' dir='ltr'>exercete</span> <span class='ocrx_word' id='word_1_274' title='bbox 1612 2401 1801 2437; x_wconf 83' lang='lat' dir='ltr'>convicio.</span> <span class='ocrx_word' id='word_1_275' title='bbox 1820 2427 1829 2437; x_wconf 87' lang='lat'><strong>.</strong></span> <span class='ocrx_word' id='word_1_276' title='bbox 1849 2425 1858 2436; x_wconf 89' lang='lat'><strong>.</strong></span> 
     </span>
     <span class='ocr_line' id='line_1_31' title="bbox 586 2457 1426 2506; baseline 0.002 -14"><span class='ocrx_word' id='word_1_277' title='bbox 586 2457 692 2493; x_wconf 81' lang='lat' dir='ltr'>citius</span> <span class='ocrx_word' id='word_1_278' title='bbox 710 2457 883 2502; x_wconf 79' lang='lat' dir='ltr'>frangetis</span> <span class='ocrx_word' id='word_1_279' title='bbox 899 2459 1031 2494; x_wconf 79' lang='lat' dir='ltr'>dentes</span> <span class='ocrx_word' id='word_1_280' title='bbox 1048 2471 1160 2504; x_wconf 83' lang='lat' dir='ltr'>quam</span> <span class='ocrx_word' id='word_1_281' title='bbox 1188 2457 1426 2506; x_wconf 56' lang='lat' dir='ltr'>imprimetis)</span> 
     </span>
     <span class='ocr_line' id='line_1_32' title="bbox 399 2513 1857 2562; baseline 0.001 -12"><span class='ocrx_word' id='word_1_282' title='bbox 399 2529 443 2555; x_wconf 73' lang='lat' dir='ltr'>ne</span> <span class='ocrx_word' id='word_1_283' title='bbox 455 2528 521 2555; x_wconf 69' lang='lat' dir='ltr'>vu.</span> <span class='ocrx_word' id='word_1_284' title='bbox 634 2513 778 2560; x_wconf 80' lang='lat' dir='ltr'>‘Quare</span> <span class='ocrx_word' id='word_1_285' title='bbox 795 2514 855 2551; x_wconf 84' lang='lat' dir='ltr'>ille</span> <span class='ocrx_word' id='word_1_286' title='bbox 871 2516 1125 2562; x_wconf 82' lang='lat' dir='ltr'>philosophiae</span> <span class='ocrx_word' id='word_1_287' title='bbox 1141 2518 1329 2552; x_wconf 80' lang='lat' dir='ltr'>studiosus</span> <span class='ocrx_word' id='word_1_288' title='bbox 1349 2522 1415 2559; x_wconf 82' lang='lat' dir='ltr'>est,</span> <span class='ocrx_word' id='word_1_289' title='bbox 1433 2522 1471 2552; x_wconf 86' lang='lat' dir='ltr'>et</span> <span class='ocrx_word' id='word_1_290' title='bbox 1490 2521 1612 2552; x_wconf 83' lang='lat' dir='ltr'>tamen</span> <span class='ocrx_word' id='word_1_291' title='bbox 1625 2516 1729 2552; x_wconf 86' lang='lat' dir='ltr'>dives</span> <span class='ocrx_word' id='word_1_292' title='bbox 1741 2516 1857 2552; x_wconf 89' lang='lat' dir='ltr'>vitam</span> 
     </span>
     <span class='ocr_line' id='line_1_33' title="bbox 397 2564 1859 2636; baseline 0.002 -30"><span class='ocrx_word' id='word_1_293' title='bbox 397 2564 517 2636; x_wconf 53' lang='grc' dir='ltr'>ζεῑζ·.</span> <span class='ocrx_word' id='word_1_294' title='bbox 586 2571 692 2618; x_wconf 85' lang='lat' dir='ltr'>agit?</span> <span class='ocrx_word' id='word_1_295' title='bbox 719 2583 832 2618; x_wconf 83' lang='lat' dir='ltr'>quare</span> <span class='ocrx_word' id='word_1_296' title='bbox 861 2584 951 2619; x_wconf 81' lang='lat' dir='ltr'>opes</span> <span class='ocrx_word' id='word_1_297' title='bbox 977 2574 1265 2610; x_wconf 77' lang='lat' dir='ltr'>contemnendas</span> <span class='ocrx_word' id='word_1_298' title='bbox 1290 2573 1379 2610; x_wconf 87' lang='lat' dir='ltr'>dicit</span> <span class='ocrx_word' id='word_1_299' title='bbox 1403 2579 1441 2610; x_wconf 86' lang='lat' dir='ltr'>et</span> <span class='ocrx_word' id='word_1_300' title='bbox 1465 2574 1603 2610; x_wconf 81' lang='lat' dir='ltr'>habet?</span> <span class='ocrx_word' id='word_1_301' title='bbox 1629 2574 1743 2610; x_wconf 81' lang='lat' dir='ltr'>vitam</span> <span class='ocrx_word' id='word_1_302' title='bbox 1769 2584 1859 2610; x_wconf 83' lang='lat' dir='ltr'>con-</span> 
     </span>
     <span class='ocr_line' id='line_1_34' title="bbox 588 2630 1860 2676; baseline 0.002 -12"><span class='ocrx_word' id='word_1_303' title='bbox 588 2630 826 2665; x_wconf 85' lang='lat' dir='ltr'>temnendam</span> <span class='ocrx_word' id='word_1_304' title='bbox 859 2636 977 2676; x_wconf 82' lang='lat' dir='ltr'>putat,</span> <span class='ocrx_word' id='word_1_305' title='bbox 1011 2637 1048 2666; x_wconf 88' lang='lat' dir='ltr'>et</span> <span class='ocrx_word' id='word_1_306' title='bbox 1090 2637 1214 2667; x_wconf 85' lang='lat' dir='ltr'>tamen</span> <span class='ocrx_word' id='word_1_307' title='bbox 1248 2632 1362 2667; x_wconf 81' lang='lat' dir='ltr'>vivit?</span> <span class='ocrx_word' id='word_1_308' title='bbox 1405 2632 1652 2669; x_wconf 74' lang='lat' dir='ltr'>valetudinem</span> <span class='ocrx_word' id='word_1_309' title='bbox 1695 2637 1860 2668; x_wconf 84' lang='lat' dir='ltr'>contem·</span> 
     </span>
     <span class='ocr_line' id='line_1_35' title="bbox 588 2686 1861 2739; baseline 0.002 -17"><span class='ocrx_word' id='word_1_310' title='bbox 588 2686 748 2722; x_wconf 78' lang='lat' dir='ltr'>nendarn</span> <span class='ocrx_word' id='word_1_311' title='bbox 773 2693 890 2733; x_wconf 83' lang='lat' dir='ltr'>putat,</span> <span class='ocrx_word' id='word_1_312' title='bbox 917 2693 952 2724; x_wconf 86' lang='lat' dir='ltr'>et</span> <span class='ocrx_word' id='word_1_313' title='bbox 979 2694 1103 2724; x_wconf 86' lang='lat' dir='ltr'>tamen</span> <span class='ocrx_word' id='word_1_314' title='bbox 1130 2689 1230 2724; x_wconf 85' lang='lat' dir='ltr'>illam</span> <span class='ocrx_word' id='word_1_315' title='bbox 1256 2690 1536 2739; x_wconf 81' lang='lat' dir='ltr'>diligentissime</span> <span class='ocrx_word' id='word_1_316' title='bbox 1558 2693 1709 2725; x_wconf 79' lang='lat' dir='ltr'>tuetur?</span> <span class='ocrx_word' id='word_1_317' title='bbox 1734 2714 1743 2723; x_wconf 83' lang='lat'><strong>.</strong></span> <span class='ocrx_word' id='word_1_318' title='bbox 1767 2714 1776 2723; x_wconf 93' lang='lat'>.</span> <span class='ocrx_word' id='word_1_319' title='bbox 1795 2715 1805 2724; x_wconf 86' lang='lat'>.</span> <span class='ocrx_word' id='word_1_320' title='bbox 1823 2697 1861 2725; x_wconf 89' lang='lat' dir='ltr'>et</span> 
     </span>
     <span class='ocr_line' id='line_1_36' title="bbox 588 2743 1861 2793; baseline 0.002 -13"><span class='ocrx_word' id='word_1_321' title='bbox 588 2743 741 2780; x_wconf 83' lang='lat' dir='ltr'>exilium</span> <span class='ocrx_word' id='word_1_322' title='bbox 769 2755 903 2780; x_wconf 80' lang='lat' dir='ltr'>vanum</span> <span class='ocrx_word' id='word_1_323' title='bbox 930 2756 1061 2781; x_wconf 86' lang='lat' dir='ltr'>nomen</span> <span class='ocrx_word' id='word_1_324' title='bbox 1097 2751 1203 2792; x_wconf 80' lang='lat' dir='ltr'>putat</span> <span class='ocrx_word' id='word_1_325' title='bbox 1229 2753 1266 2782; x_wconf 88' lang='lat' dir='ltr'>et</span> <span class='ocrx_word' id='word_1_326' title='bbox 1292 2747 1365 2782; x_wconf 85' lang='lat' dir='ltr'>ait:</span> <span class='ocrx_word' id='word_1_327' title='bbox 1399 2749 1488 2793; x_wconf 85' lang='lat' dir='ltr'>quid</span> <span class='ocrx_word' id='word_1_328' title='bbox 1514 2752 1570 2783; x_wconf 82' lang='lat' dir='ltr'>est</span> <span class='ocrx_word' id='word_1_329' title='bbox 1594 2746 1681 2783; x_wconf 81' lang='lat' dir='ltr'>mali</span> <span class='ocrx_word' id='word_1_330' title='bbox 1718 2754 1861 2783; x_wconf 82' lang='lat' dir='ltr'>mutare</span> 
     </span>
     <span class='ocr_line' id='line_1_37' title="bbox 589 2802 1480 2851; baseline 0.004 -15"><span class='ocrx_word' id='word_1_331' title='bbox 589 2802 781 2846; x_wconf 83' lang='lat' dir='ltr'>regiones;</span> <span class='ocrx_word' id='word_1_332' title='bbox 808 2806 843 2836; x_wconf 89' lang='lat' dir='ltr'>et</span> <span class='ocrx_word' id='word_1_333' title='bbox 864 2807 986 2838; x_wconf 85' lang='lat' dir='ltr'>tamen</span> <span class='ocrx_word' id='word_1_334' title='bbox 1006 2829 1012 2836; x_wconf 95' lang='lat'>.</span> <span class='ocrx_word' id='word_1_335' title='bbox 1032 2829 1041 2838; x_wconf 90' lang='lat'>.</span> <span class='ocrx_word' id='word_1_336' title='bbox 1063 2829 1071 2838; x_wconf 92' lang='lat'>.</span> <span class='ocrx_word' id='word_1_337' title='bbox 1090 2804 1243 2840; x_wconf 83' lang='lat' dir='ltr'>senescit</span> <span class='ocrx_word' id='word_1_338' title='bbox 1263 2805 1299 2839; x_wconf 89' lang='lat' dir='ltr'>in</span> <span class='ocrx_word' id='word_1_339' title='bbox 1317 2805 1458 2851; x_wconf 81' lang='lat' dir='ltr'>patria?</span> <span class='ocrx_word' id='word_1_340' title='bbox 1472 2803 1480 2815; x_wconf 87' lang='lat'>&#39;</span> 
     </span>
     <span class='ocr_line' id='line_1_38' title="bbox 638 2857 1858 2912; baseline 0.003 -19"><span class='ocrx_word' id='word_1_341' title='bbox 638 2858 687 2894; x_wconf 89' lang='lat' dir='ltr'>Et</span> <span class='ocrx_word' id='word_1_342' title='bbox 706 2857 815 2894; x_wconf 78' lang='lat' dir='ltr'>solvit</span> <span class='ocrx_word' id='word_1_343' title='bbox 832 2860 923 2895; x_wconf 82' lang='lat' dir='ltr'>hanc</span> <span class='ocrx_word' id='word_1_344' title='bbox 939 2861 1203 2906; x_wconf 79' lang='lat' dir='ltr'>quaestionem,</span> <span class='ocrx_word' id='word_1_345' title='bbox 1214 2862 1407 2897; x_wconf 81' lang='lat' dir='ltr'>ostendens</span> <span class='ocrx_word' id='word_1_346' title='bbox 1421 2862 1612 2907; x_wconf 80' lang='lat' dir='ltr'>quomodo</span> <span class='ocrx_word' id='word_1_347' title='bbox 1629 2862 1747 2897; x_wconf 79' lang='lat' dir='ltr'>bonus</span> <span class='ocrx_word' id='word_1_348' title='bbox 1767 2858 1858 2912; x_wconf 83' lang='lat' dir='ltr'>[est]</span> 
     </span>
    </p>
   </div>
   <div class='ocr_carea' id='block_1_3' title="bbox 733 2934 1714 2972">
    <p class='ocr_par' dir='ltr' id='par_1_3' title="bbox 733 2934 1714 2972">
     <span class='ocr_line' id='line_1_39' title="bbox 733 2934 1714 2972; baseline 0.001 -10"><span class='ocrx_word' id='word_1_349' title='bbox 733 2934 742 2951; x_wconf 79' lang='lat'>⁸</span> <span class='ocrx_word' id='word_1_350' title='bbox 763 2942 848 2962; x_wconf 71' lang='lat' dir='ltr'>enus·</span> <span class='ocrx_word' id='word_1_351' title='bbox 860 2935 1008 2968; x_wconf 71' lang='lat' dir='ltr'>scientiae.</span> <span class='ocrx_word' id='word_1_352' title='bbox 1023 2935 1057 2963; x_wconf 81' lang='lat' dir='ltr'>D.</span> <span class='ocrx_word' id='word_1_353' title='bbox 1293 2935 1305 2952; x_wconf 82' lang='lat'><strong>¹</strong></span> <span class='ocrx_word' id='word_1_354' title='bbox 1323 2936 1470 2971; x_wconf 68' lang='lat' dir='ltr'>praeside·</span> <span class='ocrx_word' id='word_1_355' title='bbox 1483 2936 1553 2963; x_wconf 80' lang='lat' dir='ltr'>deos</span> <span class='ocrx_word' id='word_1_356' title='bbox 1568 2936 1714 2972; x_wconf 74' lang='lat' dir='ltr'>(Seneca).</span> 
     </span>
    </p>
   </div>
  </div>
 </body>
</html>
