2350 3580
757 710 978 746 stENTIA
1005 713 1442 748 EXPERIMENTALIS.
1669 713 1734 757 183

458 799 516 836 sol
541 806 599 837 est
619 800 655 837 in
681 802 843 842 meridie,
868 808 907 838 et
939 802 978 838 in
1008 801 1243 849 Capricorno,
1265 805 1353 850 quia
1385 815 1530 850 semper
1557 803 1735 840 minuitur
1747 810 1803 839 and
1814 814 1858 839 to-

458 857 619 895 altitudo
641 859 775 905 capitis
798 859 1021 907 CapricornI,
1040 866 1077 896 et
1103 859 1188 896 ideo
1212 859 1371 897 altitudo
1395 860 1483 897 solis
1506 861 1545 897 in
1574 861 1733 898 meridie.
1746 847 1896 911 :ffless‘

461 914 514 950 Et
528 915 646 962 magis
661 928 705 952 ac
724 917 841 963 magis
852 923 977 964 potest
986 917 1048 952 iris
1058 917 1233 964 grandior
1245 929 1432 964 apparere,
1447 929 1521 954 non
1532 918 1653 961 solum
1671 918 1734 955 illa
1749 920 1823 948 linit
1834 923 1864 948 nt

458 972 521 1008 die
537 973 575 1008 in
590 974 681 1010 hora
699 975 861 1010 meridiei
879 975 914 1010 in
930 975 1101 1010 omnibus
1114 975 1333 1021 regionibus,
1347 975 1458 1012 sedin
1472 976 1603 1012 diebus
1617 987 1734 1022 prope
1749 956 1863 1028 ζῗὴῗζῃ

458 1030 670 1072 solstitium,
692 1038 730 1068 et
755 1031 954 1068 secundum
977 1032 1077 1078 quod
1099 1031 1185 1078 plus
1208 1038 1246 1068 et
1267 1031 1352 1079 plus
1376 1032 1734 1069 deambulaverimus

458 1098 587 1124 versus
612 1089 910 1141 septentrionem,
927 1093 965 1126 et
990 1089 1097 1126 fuerit
1119 1089 1276 1126 latitudo
1296 1090 1454 1138 regionis
1478 1090 1607 1138 major.
1656 1089 1734 1127 Sed

457 1143 533 1181 hoc
557 1145 641 1192 plus
663 1151 789 1193 potest
808 1158 986 1193 apparere
1005 1147 1094 1182 dum
1114 1146 1171 1182 sol
1194 1153 1250 1183 est
1274 1147 1312 1182 in
1337 1148 1498 1191 meridie,
1515 1159 1589 1184 non
1615 1147 1734 1183 solum

458 1202 548 1238 dum
566 1202 622 1239 sol
639 1209 695 1240 eet
710 1214 828 1250 prope
839 1203 1114 1250 Capricornum,
1128 1205 1195 1240 sed
1207 1203 1243 1240 in
1261 1204 1385 1240 multis
1399 1204 1478 1241 aliis
1492 1205 1717 1252 temporibus
1726 1217 1735 1249 ;

458 1261 661 1296 secundum
672 1261 770 1308 quod
786 1261 823 1296 in
837 1261 997 1308 septimo
1007 1261 1163 1305 climate,
1174 1261 1238 1297 ubi
1249 1261 1407 1297 latitudo
1419 1267 1475 1299 est
1492 1261 1538 1306 48
1552 1262 1734 1309 graduum

458 1322 498 1352 et
515 1328 561 1361 42
580 1319 815 1360 minutorum,
831 1324 957 1365 potest
972 1331 1148 1366 apparere
1165 1319 1239 1362 iris,
1256 1319 1334 1354 sole
1352 1325 1512 1356 exeunte
1530 1320 1567 1354 in
1585 1319 1736 1355 meridie

457 1374 508 1410 ab
526 1375 726 1412 autumnali
742 1375 974 1422 aequinoctio
991 1373 1108 1423 usqu'e
1125 1376 1173 1412 ad
1192 1375 1347 1412 vernale.
1396 1375 1497 1413 Nam
1521 1375 1576 1412 sol
1602 1375 1639 1412 in
1662 1375 1736 1412 isto

458 1436 627 1480 tempore
648 1433 686 1468 in
704 1433 857 1469 meridie
879 1445 952 1469 non
974 1433 1085 1470 habet
1105 1433 1143 1469 in
1159 1434 1319 1481 septimo
1334 1433 1483 1470 climate
1501 1433 1734 1470 altitudinem

458 1499 508 1533 42
533 1491 724 1536 graduum,
750 1502 815 1526 nec
843 1491 954 1527 etiam
988 1492 1025 1526 in
1054 1491 1185 1527 diebus
1210 1491 1532 1536 aequinoctiorum,
1558 1492 1734 1536 quoniam

457 1547 619 1584 altitudo
635 1548 766 1594 capitis
783 1548 921 1600 Arietis
939 1554 974 1584 et
992 1549 1125 1584 Librae
1143 1558 1254 1595 super
1270 1547 1498 1584 horizontem
1512 1559 1585 1584 non
1598 1554 1655 1584 est
1667 1547 1736 1584 nisi

457 1614 503 1648 4¹
524 1605 660 1652 gradus
677 1612 714 1642 et
735 1616 779 1642 10
796 1606 948 1650 minuta,
965 1611 1006 1642 ut
1022 1607 1123 1653 prius
1142 1612 1285 1642 tactum
1308 1611 1374 1649 est,
1394 1611 1432 1642 et
1450 1611 1553 1652 patet
1576 1605 1646 1642 hoc
1670 1617 1738 1653 per

457 1661 692 1698 latitudinem
719 1663 879 1709 regionis
899 1663 1123 1699 subtractam
1150 1674 1172 1698 a
1195 1673 1254 1710 90.
1303 1662 1403 1698 Nam
1427 1662 1475 1707 48
1497 1662 1674 1708 gradibus
1697 1668 1737 1699 et

457 1718 507 1763 48
525 1721 686 1765 mInutis,
706 1732 801 1767 quae
826 1727 912 1756 sunt
937 1721 1097 1756 latitudo
1122 1721 1294 1767 regionis,
1310 1721 1506 1756 subtractis
1531 1732 1554 1755 a
1578 1729 1636 1765 90,
1661 1730 1735 1755 non

458 1783 650 1814 remanent
669 1777 737 1813 nisi
751 1788 797 1820 41
822 1778 959 1825 gradus
981 1782 1019 1814 et
1040 1787 1083 1814 η
1101 1777 1252 1819 minuta,
1272 1783 1310 1814 et
1326 1776 1396 1813 hoc
1414 1782 1471 1813 est
1490 1777 1609 1813 minus
1626 1788 1736 1824 quam

457 1843 508 1878 42
537 1835 684 1880 gradus,
704 1835 769 1881 qui
798 1834 937 1871 faciunt
963 1835 1196 1872 altitudinem
1223 1834 1312 1870 solia
1343 1834 1381 1870 in
1414 1845 1490 1880 qua
1522 1839 1645 1880 potest
1675 1834 1738 1869 iria

457 1903 648 1938 apparere.

510 1949 562 1986 Et
586 1949 618 1985 si
642 1949 738 1986 ultra
761 1949 832 1987 hoc
855 1949 965 1985 clima
990 1949 1347 1986 deambulaverimus
1367 1948 1414 1984 ad
1439 1948 1737 1995 septentrionem,

458 2006 582 2043 adhue
599 2007 735 2054 poterit
755 2007 817 2043 iris
839 2007 875 2043 in
902 2007 1041 2044 fervore
1063 2007 1216 2043 aestatis
1233 2016 1421 2052 apparere,
1436 2006 1587 2051 quando
1607 2005 1666 2041 sol
1682 2011 1738 2042 εἰ

460 2064 499 2099 in
516 2064 680 2100 meridie.
715 2065 813 2100 Nam
832 2064 990 2100 altitudo
1010 2065 1142 2111 capitis
1152 2064 1294 2100 Arietis
1312 2068 1367 2098 est
1385 2068 1556 2110 parva‚et
1572 2061 1738 2099 similiter

460 2120 623 2157 altitudo
635 2121 767 2168 capitis
781 2121 911 2158 Cancri
922 2121 1072 2168 quando
1088 2120 1245 2158 latitudo
1263 2120 1423 2167 regionis
1433 2126 1490 2156 est
1501 2130 1548 2166 54
1556 2121 1737 2167 graduum

457 2178 518 2215 vel
544 2179 593 2213 60
604 2177 628 2222 ¹,
655 2185 691 2214 et
725 2179 890 2214 maxime
921 2180 1072 2226 quando
1105 2184 1164 2214 est
1199 2179 1245 2214 66
1270 2178 1450 2226 graduum
1477 2181 1514 2213 et
1541 2186 1587 2222 25
1621 2177 1738 2212 minu·

459 2241 597 2272 torum.
647 2236 746 2272 Nam
764 2242 851 2272 tunc
870 2236 970 2272 nulla
990 2236 1150 2272 altitudo
1167 2240 1224 2272 est
1243 2235 1465 2281 Capricorni,
1483 2235 1568 2280 quia
1585 2235 1739 2270 horizon

459 2293 593 2330 transit
608 2305 675 2340 per
701 2293 812 2338 idem,
830 2299 868 2329 et
893 2293 930 2329 in
954 2293 1125 2329 solstitiis
1141 2293 1180 2329 in
1196 2293 1347 2329 instanti
1369 2291 1470 2339 jacet
1494 2291 1644 2328 horizon
1669 2291 1738 2327 sub

461 2351 624 2394 zodiaco,
639 2361 713 2387 non
732 2350 917 2387 declinans
934 2351 983 2387 ab
999 2361 1054 2387 eo.
1105 2350 1158 2387 Et
1173 2350 1261 2397 quia
1279 2350 1451 2385 zodiacus
1468 2354 1636 2384 movetur
1653 2359 1738 2384 cum

461 2409 578 2452 coelo,
586 2408 711 2444 subito
727 2413 919 2454 separatur
933 2409 983 2443 ab
1000 2409 1201 2449 horizonte,
1215 2412 1254 2443 et
1270 2407 1470 2443 revolvitur
1485 2411 1596 2452 eaput
1608 2405 1738 2452 Capri-

461 2466 562 2502 corni
586 2464 658 2502 sub
679 2464 871 2502 horizonte
895 2477 961 2512 per
982 2467 1081 2501 diem
1103 2464 1323 2506 naturalem,
1342 2464 1411 2500 nisi
1436 2464 1537 2511 quod
1561 2463 1740 2500 medietas

460 2522 550 2560 solis
581 2528 738 2571 apparet
768 2534 879 2570 super
910 2529 1058 2560 terram.
1119 2522 1261 2559 Verum
1294 2522 1327 2558 ei
1362 2521 1463 2558 nulla
1494 2526 1551 2556 est
1578 2520 1740 2556 altitudo

460 2591 571 2627 super
596 2580 827 2616 horizontem
856 2581 892 2616 in
923 2580 1085 2616 solstitio
1112 2579 1288 2626 hyemali.
1339 2579 1390 2614 Et
1413 2584 1503 2614 tunc
1529 2579 1592 2614 iris
1615 2582 1739 2624 potoet

461 2649 650 2685 apparere.
680 2637 828 2684 quando
850 2637 907 2673 sol
936 2642 991 2673 est
1021 2638 1057 2673 in
1083 2638 1248 2680 meridie,
1272 2637 1361 2672 dum
1386 2635 1565 2672 medietas
1586 2639 1739 2681 apparet

461 2705 575 2742 super
596 2700 732 2731 terram
744 2694 772 2738 ²,
789 2700 828 2732 et
852 2700 974 2741 potest
993 2706 1072 2732 esse
1098 2693 1216 2741 major
1237 2703 1351 2740 quam
1375 2691 1637 2730 semicirculus.
1687 2691 1738 2727 Et

461 2753 550 2800 quia
576 2758 727 2800 repente
751 2752 889 2789 oceidit
914 2753 1092 2789 medietas
1111 2751 1211 2794 solis,
1230 2751 1313 2786 ideo
1334 2751 1461 2786 statim
1483 2750 1646 2796 disparet
1666 2749 1738 2784 iris.

462 2809 642 2846 Similiter
666 2810 704 2845 in
731 2809 822 2845 aliis'
837 2809 968 2845 diebus
994 2809 1069 2845 fere
1097 2810 1214 2846 totius
1239 2809 1324 2844 anni
1351 2808 1452 2855 apud
1485 2806 1587 2843 illum
1615 2806 1738 2855 locum

497 2890 509 2908 ⁸
525 2888 611 2918 Alter
624 2890 701 2924 ⁶oJ.
714 2889 899 2924 interpolate·
917 2890 1101 2923 minutnnm,
1112 2888 1210 2917 which
1221 2888 1248 2916 ia
1265 2892 1316 2916 not
1329 2888 1359 2916 in
1374 2886 1471 2916 either
1483 2886 1518 2916 D.
1534 2895 1570 2915 or
1583 2886 1618 2915 Ο.

497 2933 512 2952 ⁸
526 2941 617 2969 super
627 2937 743 2967 terram,
755 2933 875 2962 omitted
888 2933 918 2961 in
929 2933 959 2966 J.
