2350 3580
370 339 1511 539 -

835 710 961 744 PARS
992 709 1190 744 TERTIA:
1229 709 1327 742 CAP.
1355 709 1423 744 111.
1692 717 1759 753 515

487 799 699 841 mixtionis;
726 805 766 836 et
795 800 926 836 eodem
951 801 1066 837 modo
1090 806 1146 836 est
1172 800 1210 836 in
1235 799 1478 837 mixtionibus
1501 800 1600 848 apud
1625 799 1649 837 k
1673 805 1711 836 et
1735 799 1759 836 Ι.

488 856 677 902 Quoniam
701 858 812 902 [gitur
832 869 855 894 a
875 869 914 894 re
937 859 1014 893 visa
1030 859 1079 894 ad
1098 869 1211 895 unam
1229 865 1370 906 partem
1389 859 1551 905 pupillae
1567 869 1643 896 non
1657 857 1760 895 venit

486 915 555 950 nisi
584 925 658 950 una
691 916 831 962 species
867 916 1074 962 principalis
1105 921 1144 952 et
1181 917 1492 964 perpendicularis
1530 916 1671 952 habens
1707 916 1775 951 sic.

487 972 672 1018 duplicem
706 972 969 1017 fortitudinem,
999 975 1134 1010 scilicet
1164 986 1215 1010 ex
1243 975 1616 1021 perpendicufaritate
1645 979 1682 1010 et
1710 984 1760 1008 ex

488 1029 767 1077 principalitate,
805 1036 957 1077 propter
989 1042 1100 1077 quam
1137 1031 1210 1068 alia
1248 1032 1474 1069 consumitur
1511 1032 1605 1068 inter
1641 1030 1764 1066 locum

489 1087 681 1123 mixtionis
708 1093 744 1123 et
770 1093 911 1134 partem
946 1088 1109 1134 pupillae
1141 1095 1206 1126 aut
1241 1089 1453 1132 occultatur,
1483 1093 1630 1137 oportet
1662 1088 1763 1134 quod

487 1144 581 1180 haec
601 1145 745 1187 mixtio,
765 1145 850 1181 licet
875 1147 926 1182 sit
949 1158 1043 1187 vera,
1070 1158 1141 1197 non
1164 1153 1292 1183 tamen
1315 1147 1464 1183 inducat
1489 1147 1651 1193 aliquam
1676 1156 1764 1182 con-

489 1201 670 1238 fusionem
688 1203 724 1238 in
740 1203 829 1240 visu.
846 1204 911 1239 sed
933 1203 1080 1250 plenam
1097 1204 1267 1250 relinquit
1289 1204 1570 1241 distinctionem.

539 1259 666 1305 Quum
685 1261 797 1307 igitur
812 1266 981 1296 auctores
999 1262 1099 1304 varii,
1116 1268 1158 1297 ut
1179 1261 1347 1297 Alhazcn
1367 1262 1458 1298 libro
1474 1263 1523 1298 de
1541 1260 1765 1308 Aspectibus
1779 1271 1894 1308 Experi-

489 1324 529 1353 et
558 1319 619 1353 alii
648 1319 879 1365 perspectivi,
903 1325 942 1355 et
968 1320 1081 1354 etiam
1111 1320 1308 1360 naturales.
1333 1324 1374 1354 ut
1403 1320 1544 1356 Seneca
1572 1324 1609 1355 et
1643 1319 1702 1354 alii
1728 1307 1956 1373 ffimoeffl‘sss

489 1375 593 1411 libris
618 1376 859 1419 naturalibus,
882 1376 1009 1412 volunt
1043 1376 1185 1423 species
1210 1376 1383 1423 distingui
1413 1379 1449 1412 in
1476 1378 1609 1421 medio,
1634 1376 1907 1423 intelli-,albanen

490 1433 655 1479 gendum
680 1439 737 1469 est
761 1433 832 1469 hoc
857 1434 977 1475 modo,
993 1434 1132 1470 scilicet
1157 1434 1256 1482 quod
1283 1446 1306 1470 a
1329 1435 1438 1471 rebus
1456 1435 1608 1471 veniunt
1627 1434 1768 1481 specie·
1780 1416 1889 1485 ἓξὲξ,

492 1501 557 1536 per
591 1491 704 1526 lineas
731 1491 952 1537 principales
979 1492 1172 1527 distinctas
1205 1503 1322 1538 usquc
1350 1493 1399 1528 ad
1427 1492 1547 1527 locum
1581 1492 1768 1527 mixtionis

493 1552 530 1583 et
561 1548 695 1584 deinde
726 1549 877 1585 ulterius
909 1550 1068 1586 tendunt
1097 1561 1161 1596 per
1192 1550 1352 1586 diversas
1385 1551 1461 1586 vias
1494 1555 1533 1586 ct
1565 1550 1767 1591 distinctas,

493 1605 679 1652 loquendo
701 1606 748 1642 de
768 1606 872 1642 lineis
896 1606 1168 1653 principalibus,
1190 1609 1359 1653 quamvis
1381 1607 1627 1644 accidentales
1649 1607 1769 1642 minus

495 1664 707 1700 coincidant
724 1675 746 1698 a
763 1664 845 1701 loco
861 1665 1048 1701 mixtionis
1062 1665 1099 1701 in
1117 1665 1283 1710 partibus
1300 1666 1408 1702 medii
1423 1670 1462 1702 et
1478 1665 1585 1707 ocuii,
1597 1670 1635 1701 et
1647 1664 1769 1701 adhuc

494 1721 587 1757 haec
608 1722 851 1758 coincidentia
868 1728 1059 1768 reputatur
1079 1723 1279 1766 distinctio,
1296 1735 1342 1758 eo
1359 1723 1458 1769 quod
1478 1723 1656 1759 fortitudo
1673 1722 1769 1769 prin·

495 1777 622 1824 cipalis
648 1779 959 1826 multiplicationis
986 1780 1146 1817 occultat
1168 1781 1281 1816 aliam
1301 1788 1366 1816 aut
1392 1781 1592 1828 corrumpit
1614 1781 1769 1827 penitus.

500 1835 553 1872 Et
568 1836 652 1872 ideo
669 1838 770 1884 quod
788 1837 957 1874 Alhazen
981 1839 1017 1874 in
1036 1838 1156 1885 primo
1176 1838 1272 1874 libro
1294 1839 1434 1874 inducit
1450 1835 1770 1885 experimentum¹

495 1895 546 1929 ad
561 1895 832 1930 distinctionem
850 1897 1052 1943 specierum
1070 1895 1310 1940 probandam,
1325 1896 1463 1932 scilicet
1481 1907 1547 1943 per
1565 1896 1770 1931 discursum

497 1963 624 1987 earum
647 1964 710 1997 per
732 1953 830 1988 idem
850 1951 1012 1989 foramen
1038 1964 1154 1999 usque
1176 1954 1223 1989 ad
1243 1958 1365 2000 partes
1383 1954 1545 1989 diversas
1562 1953 1598 1988 in
1621 1963 1772 1998 corpore

497 2008 667 2054 objecto;
691 2009 888 2045 dicendum
906 2011 1007 2056 quod
1027 2023 1153 2046 verum
1174 2016 1232 2046 est
1249 2011 1347 2057 quod
1372 2011 1424 2046 sic
1446 2016 1504 2046 est
1518 2011 1707 2046 distinctio
1731 2013 1772 2044 ut

498 2067 670 2107 intendit,
686 2068 775 2112 quia
790 2069 930 2114 species
947 2068 982 2102 in
1003 2067 1182 2102 foramine
1199 2069 1234 2102 in
1248 2078 1322 2114 quo
1334 2069 1541 2111 miscentur,
1556 2067 1695 2103 vadunt
1707 2077 1774 2114 per

498 2123 614 2159 lineas
626 2125 789 2159 diversas
803 2125 1030 2171 principales,
1041 2127 1134 2161 sicut
1145 2130 1254 2160 extra
1268 2125 1430 2160 foramen
1445 2130 1618 2160 venerunt
1632 2137 1654 2160 a
1666 2124 1774 2160 rebus

498 2192 566 2227 per
590 2181 703 2217 lineas
728 2181 889 2218 diversas
919 2182 1149 2229 principales,
1174 2194 1271 2228 quae
1296 2185 1538 2219 terminantur
1562 2183 1610 2218 ad
1636 2188 1774 2228 puncta

498 2239 641 2274 diversa
657 2240 692 2274 in
706 2250 858 2286 corpore
870 2240 1017 2286 objecto
1030 2241 1341 2286 repraesentantia
1350 2241 1490 2287 species
1503 2241 1665 2276 diversas
1675 2240 1774 2286 prin-

498 2296 637 2342 cipales
665 2297 701 2331 in
732 2298 899 2342 partibus
923 2298 1077 2333 diversis
1101 2299 1265 2344 corporis
1290 2297 1437 2343 objecti.
1487 2297 1564 2333 Sed
1589 2303 1712 2333 tamen
1739 2298 1776 2332 in

500 2353 677 2389 foramine
695 2353 765 2390 fuit
781 2364 868 2390 vcra
886 2355 1029 2397 mixtio,
1043 2360 1082 2390 ut
1098 2356 1239 2391 dictum
1254 2361 1319 2395 cst,
1334 2356 1450 2390 visum
1465 2354 1565 2390 nullo
1583 2355 1694 2390 modo
1709 2355 1776 2390 im·

500 2411 655 2457 pedicas
670 2417 819 2457 propter
831 2423 961 2447 causas
979 2412 1105 2454 dictas,
1123 2413 1212 2457 quIn
1232 2411 1403 2448 distincte
1423 2411 1496 2448 fiat.

552 2468 603 2503 Et
614 2469 690 2514 jam
701 2469 812 2513 juxta
823 2469 912 2504 haec
928 2475 1030 2515 patet
1041 2471 1139 2514 quod
1155 2470 1354 2504 tenendum
1365 2475 1421 2504 &t
1434 2470 1481 2504 de
1494 2469 1632 2504 unitate
1645 2469 1776 2515 speciei
1792 2473 1938 2509 sunm-ry

500 2538 598 2572 quae
622 2527 722 2561 venit
748 2538 768 2561 a
795 2538 832 2561 ro
858 2538 930 2561 una
957 2528 1012 2561 vel
1041 2527 1214 2572 pluribus.
1265 2527 1305 2562 Si
1334 2527 1427 2562 enim
1454 2537 1568 2572 agens
1598 2527 1645 2561 sit
1671 2527 1776 2561 unius
1792 2510 1924 2574 gfff,-

502 2590 658 2620 naturae
681 2584 830 2624 activae,
857 2590 898 2619 ut
923 2584 1094 2626 lucidum,
1117 2584 1171 2619 vel
1201 2584 1308 2619 unius
1332 2584 1474 2625 coloris,
1502 2583 1558 2618 vel
1583 2582 1777 2627 cujuslibet

501 2640 652 2678 alterius
669 2642 901 2686 proprietatis
917 2642 1070 2684 activae,
1088 2646 1191 2686 patet
1208 2652 1319 2676 unam
1339 2652 1416 2676 esse
1434 2640 1776 2685 multiplicationem

502 2698 706 2734 secundum
726 2699 897 2744 speciem,
912 2704 950 2733 et
966 2705 1143 2743 quantum
1163 2699 1210 2733 ad
1228 2699 1405 2733 unitatem
1427 2699 1631 2733 secundum
1649 2709 1778 2732 nume-

504 2766 586 2791 rum
605 2761 641 2791 et
661 2757 859 2791 secundum
881 2756 1085 2791 essentiam.
1137 2755 1236 2791 Nam
1263 2755 1347 2791 licet
1365 2755 1550 2801 quaelibet
1571 2765 1654 2801 pars
1671 2754 1778 2791 faciat

506 2812 848 2859 multiplicationem
868 2823 977 2846 unam
994 2812 1234 2857 sphaericam,
1252 2823 1323 2846 non
1341 2816 1466 2846 tamen
1484 2818 1721 2846 numerantur
1740 2812 1778 2846 in

506 2871 637 2906 adem
655 2871 806 2905 materia
830 2875 868 2905 et
892 2868 1072 2915 subjecto,
1088 2871 1152 2904 sed
1181 2870 1314 2904 cedunt
1341 2880 1467 2904 omncs
1494 2869 1530 2904 in
1556 2880 1676 2911 unam,
1694 2868 1782 2914 quia

968 2933 974 2948 ¹
997 2935 1039 2963 Cl'.
1053 2934 1234 2968 pamm,
1244 2943 1272 2969 p.
1285 2942 1331 2968 ⁴5·
