<?xml version="1.0" encoding="UTF-8"?>
<!DOCTYPE html PUBLIC "-//W3C//DTD XHTML 1.0 Transitional//EN"
    "http://www.w3.org/TR/xhtml1/DTD/xhtml1-transitional.dtd">
<html xmlns="http://www.w3.org/1999/xhtml" xml:lang="en" lang="en">
 <head>
  <title>
</title>
<meta http-equiv="Content-Type" content="text/html;charset=utf-8" />
  <meta name='ocr-system' content='tesseract 3.04.00' />
  <meta name='ocr-capabilities' content='ocr_page ocr_carea ocr_par ocr_line ocrx_word'/>
</head>
<body>
  <div class='ocr_page' id='page_1' title='image "./opusmajusrogerb00bridgoog/opusmajusrogerb00bridgoog_0502.png"; bbox 0 0 2350 3580; ppageno 0'>
   <div class='ocr_carea' id='block_1_1' title="bbox 620 518 1613 566">
    <p class='ocr_par' dir='ltr' id='par_1_1' title="bbox 620 518 1613 566">
     <span class='ocr_line' id='line_1_1' title="bbox 620 518 1613 566; baseline -0.001 -12"><span class='ocrx_word' id='word_1_1' title='bbox 620 530 689 566; x_wconf 84' lang='lat'>490</span> <span class='ocrx_word' id='word_1_2' title='bbox 923 520 1024 553; x_wconf 74' lang='lat' dir='ltr'>MUL</span> <span class='ocrx_word' id='word_1_3' title='bbox 1029 519 1213 553; x_wconf 75' lang='lat' dir='ltr'><em>TJPLICA</em></span> <span class='ocrx_word' id='word_1_4' title='bbox 1218 519 1298 553; x_wconf 80' lang='lat' dir='ltr'>Tlo</span> <span class='ocrx_word' id='word_1_5' title='bbox 1323 518 1613 553; x_wconf 68' lang='lat' dir='ltr'><em>SPECJERUM.</em></span> 
     </span>
    </p>
   </div>
   <div class='ocr_carea' id='block_1_2' title="bbox 436 610 1918 2728">
    <p class='ocr_par' dir='ltr' id='par_1_2' title="bbox 436 610 1918 2728">
     <span class='ocr_line' id='line_1_2' title="bbox 621 610 1914 658; baseline -0.001 -11"><span class='ocrx_word' id='word_1_6' title='bbox 621 616 726 658; x_wconf 89' lang='lat' dir='ltr'>patet</span> <span class='ocrx_word' id='word_1_7' title='bbox 742 611 871 647; x_wconf 88' lang='lat' dir='ltr'>ultima</span> <span class='ocrx_word' id='word_1_8' title='bbox 891 610 1087 655; x_wconf 73' lang='lat' dir='ltr'>conclusio,</span> <span class='ocrx_word' id='word_1_9' title='bbox 1103 610 1205 657; x_wconf 91' lang='lat' dir='ltr'>quod</span> <span class='ocrx_word' id='word_1_10' title='bbox 1228 621 1355 646; x_wconf 67' lang='lat' dir='ltr'>omnes</span> <span class='ocrx_word' id='word_1_11' title='bbox 1377 610 1469 646; x_wconf 87' lang='lat' dir='ltr'>radii</span> <span class='ocrx_word' id='word_1_12' title='bbox 1489 611 1672 646; x_wconf 76' lang='lat' dir='ltr'>cadentes</span> <span class='ocrx_word' id='word_1_13' title='bbox 1700 610 1743 646; x_wconf 90' lang='lat' dir='ltr'>in</span> <span class='ocrx_word' id='word_1_14' title='bbox 1766 610 1914 646; x_wconf 87' lang='lat' dir='ltr'>circum-</span> 
     </span>
     <span class='ocr_line' id='line_1_3' title="bbox 623 667 1914 715; baseline -0.001 -10"><span class='ocrx_word' id='word_1_15' title='bbox 623 669 814 706; x_wconf 85' lang='lat' dir='ltr'>ferentiam</span> <span class='ocrx_word' id='word_1_16' title='bbox 831 669 1082 715; x_wconf 85' lang='lat' dir='ltr'>cujuscunque</span> <span class='ocrx_word' id='word_1_17' title='bbox 1097 667 1222 705; x_wconf 89' lang='lat' dir='ltr'>circuli</span> <span class='ocrx_word' id='word_1_18' title='bbox 1240 667 1431 714; x_wconf 84' lang='lat' dir='ltr'>imaginati</span> <span class='ocrx_word' id='word_1_19' title='bbox 1448 667 1486 702; x_wconf 87' lang='lat' dir='ltr'>in</span> <span class='ocrx_word' id='word_1_20' title='bbox 1507 668 1759 704; x_wconf 56' lang='lat' dir='ltr'>concavitate</span> <span class='ocrx_word' id='word_1_21' title='bbox 1782 669 1914 715; x_wconf 69' lang='lat' dir='ltr'>speculi</span> 
     </span>
     <span class='ocr_line' id='line_1_4' title="bbox 623 725 1914 773; baseline -0.002 -10"><span class='ocrx_word' id='word_1_22' title='bbox 623 726 801 773; x_wconf 83' lang='lat' dir='ltr'>sphaerici</span> <span class='ocrx_word' id='word_1_23' title='bbox 817 726 913 762; x_wconf 67' lang='lat' dir='ltr'>cirea</span> <span class='ocrx_word' id='word_1_24' title='bbox 933 736 1044 762; x_wconf 84' lang='lat' dir='ltr'>axem</span> <span class='ocrx_word' id='word_1_25' title='bbox 1069 725 1303 762; x_wconf 80' lang='lat' dir='ltr'>reflectantur</span> <span class='ocrx_word' id='word_1_26' title='bbox 1326 726 1374 761; x_wconf 89' lang='lat' dir='ltr'>ad</span> <span class='ocrx_word' id='word_1_27' title='bbox 1399 736 1512 761; x_wconf 87' lang='lat' dir='ltr'>unum</span> <span class='ocrx_word' id='word_1_28' title='bbox 1536 730 1576 761; x_wconf 86' lang='lat' dir='ltr'>et</span> <span class='ocrx_word' id='word_1_29' title='bbox 1602 726 1710 761; x_wconf 85' lang='lat' dir='ltr'>idem</span> <span class='ocrx_word' id='word_1_30' title='bbox 1739 733 1914 772; x_wconf 89' lang='lat' dir='ltr'>punctum</span> 
     </span>
     <span class='ocr_line' id='line_1_5' title="bbox 623 782 1915 829; baseline 0 -10"><span class='ocrx_word' id='word_1_31' title='bbox 623 785 659 819; x_wconf 92' lang='lat' dir='ltr'>in</span> <span class='ocrx_word' id='word_1_32' title='bbox 676 795 760 820; x_wconf 81' lang='lat' dir='ltr'>axe.</span> <span class='ocrx_word' id='word_1_33' title='bbox 812 783 863 821; x_wconf 89' lang='lat' dir='ltr'>Et</span> <span class='ocrx_word' id='word_1_34' title='bbox 887 784 951 829; x_wconf 87' lang='lat' dir='ltr'>qui</span> <span class='ocrx_word' id='word_1_35' title='bbox 978 784 1014 818; x_wconf 93' lang='lat' dir='ltr'>in</span> <span class='ocrx_word' id='word_1_36' title='bbox 1041 782 1114 818; x_wconf 90' lang='lat' dir='ltr'>alia</span> <span class='ocrx_word' id='word_1_37' title='bbox 1137 782 1428 819; x_wconf 82' lang='lat' dir='ltr'>circumferentia</span> <span class='ocrx_word' id='word_1_38' title='bbox 1451 783 1598 824; x_wconf 87' lang='lat' dir='ltr'>cadent,</span> <span class='ocrx_word' id='word_1_39' title='bbox 1616 782 1866 820; x_wconf 84' lang='lat' dir='ltr'>reflectentur</span> <span class='ocrx_word' id='word_1_40' title='bbox 1882 785 1915 819; x_wconf 86' lang='lat' dir='ltr'>in</span> 
     </span>
     <span class='ocr_line' id='line_1_6' title="bbox 623 840 1916 888; baseline 0 -11"><span class='ocrx_word' id='word_1_41' title='bbox 623 841 738 878; x_wconf 87' lang='lat' dir='ltr'>alium</span> <span class='ocrx_word' id='word_1_42' title='bbox 755 847 944 888; x_wconf 88' lang='lat' dir='ltr'>punctum,</span> <span class='ocrx_word' id='word_1_43' title='bbox 961 846 998 877; x_wconf 93' lang='lat' dir='ltr'>et</span> <span class='ocrx_word' id='word_1_44' title='bbox 1014 841 1078 887; x_wconf 90' lang='lat' dir='ltr'>qui</span> <span class='ocrx_word' id='word_1_45' title='bbox 1094 840 1132 876; x_wconf 89' lang='lat' dir='ltr'>in</span> <span class='ocrx_word' id='word_1_46' title='bbox 1154 841 1263 876; x_wconf 87' lang='lat' dir='ltr'>tertia</span> <span class='ocrx_word' id='word_1_47' title='bbox 1286 841 1323 876; x_wconf 90' lang='lat' dir='ltr'>in</span> <span class='ocrx_word' id='word_1_48' title='bbox 1346 841 1508 882; x_wconf 85' lang='lat' dir='ltr'>tertium,</span> <span class='ocrx_word' id='word_1_49' title='bbox 1525 845 1563 876; x_wconf 90' lang='lat' dir='ltr'>et</span> <span class='ocrx_word' id='word_1_50' title='bbox 1586 847 1682 877; x_wconf 83' lang='lat' dir='ltr'>sunt</span> <span class='ocrx_word' id='word_1_51' title='bbox 1708 841 1777 877; x_wconf 83' lang='lat' dir='ltr'>isti</span> <span class='ocrx_word' id='word_1_52' title='bbox 1800 842 1916 878; x_wconf 85' lang='lat' dir='ltr'>circuli</span> 
     </span>
     <span class='ocr_line' id='line_1_7' title="bbox 624 897 1915 945; baseline 0.001 -11"><span class='ocrx_word' id='word_1_53' title='bbox 624 900 728 945; x_wconf 87' lang='lat' dir='ltr'>quasi</span> <span class='ocrx_word' id='word_1_54' title='bbox 744 898 1032 945; x_wconf 81' lang='lat' dir='ltr'>aequidistantes</span> <span class='ocrx_word' id='word_1_55' title='bbox 1052 899 1090 934; x_wconf 88' lang='lat' dir='ltr'>in</span> <span class='ocrx_word' id='word_1_56' title='bbox 1106 898 1275 945; x_wconf 77' lang='lat' dir='ltr'>sphaera,</span> <span class='ocrx_word' id='word_1_57' title='bbox 1291 903 1333 934; x_wconf 89' lang='lat' dir='ltr'>ut</span> <span class='ocrx_word' id='word_1_58' title='bbox 1357 897 1638 944; x_wconf 85' lang='lat' dir='ltr'>aequinoctialis</span> <span class='ocrx_word' id='word_1_59' title='bbox 1664 904 1708 935; x_wconf 87' lang='lat' dir='ltr'>et</span> <span class='ocrx_word' id='word_1_60' title='bbox 1734 900 1797 935; x_wconf 80' lang='lat' dir='ltr'>aui</span> <span class='ocrx_word' id='word_1_61' title='bbox 1821 911 1915 936; x_wconf 87' lang='lat' dir='ltr'>com·</span> 
     </span>
     <span class='ocr_line' id='line_1_8' title="bbox 624 967 1328 1010; baseline 0.001 -18"><span class='ocrx_word' id='word_1_62' title='bbox 624 967 741 1003; x_wconf 80' lang='lat' dir='ltr'>pares.</span> <span class='ocrx_word' id='word_1_63' title='bbox 1317 999 1328 1010; x_wconf 32' lang='grc' dir='ltr'><em>Ι</em></span> 
     </span>
     <span class='ocr_line' id='line_1_9' title="bbox 436 1012 1918 1060; baseline -0.003 -6"><span class='ocrx_word' id='word_1_64' title='bbox 436 1025 499 1053; x_wconf 64' lang='lat' dir='ltr'>&#39;riae</span> <span class='ocrx_word' id='word_1_65' title='bbox 514 1023 612 1053; x_wconf 69' lang='lat' dir='ltr'>circle·</span> <span class='ocrx_word' id='word_1_66' title='bbox 675 1013 993 1050; x_wconf 81' lang='lat' dir='ltr'>Considerandum</span> <span class='ocrx_word' id='word_1_67' title='bbox 1012 1019 1137 1049; x_wconf 87' lang='lat' dir='ltr'>tamen</span> <span class='ocrx_word' id='word_1_68' title='bbox 1157 1014 1259 1060; x_wconf 85' lang='lat' dir='ltr'>quod</span> <span class='ocrx_word' id='word_1_69' title='bbox 1284 1013 1344 1049; x_wconf 83' lang='lat' dir='ltr'>isti</span> <span class='ocrx_word' id='word_1_70' title='bbox 1368 1012 1489 1049; x_wconf 88' lang='lat' dir='ltr'>circuli</span> <span class='ocrx_word' id='word_1_71' title='bbox 1514 1023 1588 1049; x_wconf 92' lang='lat' dir='ltr'>non</span> <span class='ocrx_word' id='word_1_72' title='bbox 1616 1013 1768 1050; x_wconf 75' lang='lat' dir='ltr'>faciunt</span> <span class='ocrx_word' id='word_1_73' title='bbox 1793 1016 1842 1050; x_wconf 87' lang='lat' dir='ltr'>ad</span> <span class='ocrx_word' id='word_1_74' title='bbox 1867 1026 1918 1050; x_wconf 86' lang='lat' dir='ltr'>re-</span> 
     </span>
     <span class='ocr_line' id='line_1_10' title="bbox 436 1062 1916 1126; baseline 0.001 -20"><span class='ocrx_word' id='word_1_75' title='bbox 436 1062 611 1126; x_wconf 48' lang='lat' dir='ltr'>fflggsffl}</span> <span class='ocrx_word' id='word_1_76' title='bbox 624 1071 820 1107; x_wconf 83' lang='lat' dir='ltr'>flexionem</span> <span class='ocrx_word' id='word_1_77' title='bbox 847 1072 913 1107; x_wconf 73' lang='lat' dir='ltr'>aed</span> <span class='ocrx_word' id='word_1_78' title='bbox 928 1071 1099 1107; x_wconf 90' lang='lat' dir='ltr'>accidunt</span> <span class='ocrx_word' id='word_1_79' title='bbox 1114 1071 1273 1107; x_wconf 85' lang='lat' dir='ltr'>omnino.</span> <span class='ocrx_word' id='word_1_80' title='bbox 1326 1071 1413 1105; x_wconf 91' lang='lat' dir='ltr'>Non</span> <span class='ocrx_word' id='word_1_81' title='bbox 1437 1070 1534 1105; x_wconf 89' lang='lat' dir='ltr'>enim</span> <span class='ocrx_word' id='word_1_82' title='bbox 1559 1071 1598 1105; x_wconf 90' lang='lat' dir='ltr'>in</span> <span class='ocrx_word' id='word_1_83' title='bbox 1627 1082 1768 1107; x_wconf 89' lang='lat' dir='ltr'>eorum</span> <span class='ocrx_word' id='word_1_84' title='bbox 1795 1084 1916 1119; x_wconf 74' lang='lat' dir='ltr'>super,-</span> 
     </span>
     <span class='ocr_line' id='line_1_11' title="bbox 438 1127 1917 1173; baseline 0.001 -10"><span class='ocrx_word' id='word_1_85' title='bbox 438 1135 498 1163; x_wconf 76' lang='lat' dir='ltr'>tion</span> <span class='ocrx_word' id='word_1_86' title='bbox 509 1143 557 1162; x_wconf 74' lang='lat' dir='ltr'>are</span> <span class='ocrx_word' id='word_1_87' title='bbox 626 1128 776 1165; x_wconf 86' lang='lat' dir='ltr'>ficiebus</span> <span class='ocrx_word' id='word_1_88' title='bbox 789 1128 914 1173; x_wconf 87' lang='lat' dir='ltr'>jacent</span> <span class='ocrx_word' id='word_1_89' title='bbox 932 1128 1022 1164; x_wconf 88' lang='lat' dir='ltr'>radii</span> <span class='ocrx_word' id='word_1_90' title='bbox 1046 1128 1245 1165; x_wconf 83' lang='lat' dir='ltr'>incidentes</span> <span class='ocrx_word' id='word_1_91' title='bbox 1268 1134 1307 1164; x_wconf 91' lang='lat' dir='ltr'>et</span> <span class='ocrx_word' id='word_1_92' title='bbox 1330 1127 1468 1169; x_wconf 82' lang='lat' dir='ltr'>reflexi,</span> <span class='ocrx_word' id='word_1_93' title='bbox 1484 1128 1549 1164; x_wconf 78' lang='lat' dir='ltr'>sed</span> <span class='ocrx_word' id='word_1_94' title='bbox 1573 1128 1614 1163; x_wconf 89' lang='lat' dir='ltr'>in</span> <span class='ocrx_word' id='word_1_95' title='bbox 1641 1129 1791 1165; x_wconf 83' lang='lat' dir='ltr'>coluris</span> <span class='ocrx_word' id='word_1_96' title='bbox 1815 1130 1917 1165; x_wconf 80' lang='lat' dir='ltr'>dictis</span> 
     </span>
     <span class='ocr_line' id='line_1_12' title="bbox 437 1171 1914 1243; baseline 0 -22"><span class='ocrx_word' id='word_1_97' title='bbox 437 1171 600 1243; x_wconf 40' lang='lat' dir='ltr'>fflssm</span> <span class='ocrx_word' id='word_1_98' title='bbox 624 1185 835 1222; x_wconf 83' lang='lat' dir='ltr'>coincidunt</span> <span class='ocrx_word' id='word_1_99' title='bbox 854 1185 914 1220; x_wconf 79' lang='lat' dir='ltr'>isti</span> <span class='ocrx_word' id='word_1_100' title='bbox 931 1185 1054 1220; x_wconf 88' lang='lat' dir='ltr'>circuli</span> <span class='ocrx_word' id='word_1_101' title='bbox 1076 1184 1197 1221; x_wconf 86' lang='lat' dir='ltr'>solum</span> <span class='ocrx_word' id='word_1_102' title='bbox 1221 1184 1258 1220; x_wconf 92' lang='lat' dir='ltr'>in</span> <span class='ocrx_word' id='word_1_103' title='bbox 1283 1185 1372 1221; x_wconf 89' lang='lat' dir='ltr'>locis</span> <span class='ocrx_word' id='word_1_104' title='bbox 1397 1185 1659 1229; x_wconf 84' lang='lat' dir='ltr'>reflexionum,</span> <span class='ocrx_word' id='word_1_105' title='bbox 1675 1186 1746 1231; x_wconf 88' lang='lat' dir='ltr'>qui</span> <span class='ocrx_word' id='word_1_106' title='bbox 1773 1193 1860 1223; x_wconf 88' lang='lat' dir='ltr'>sunt</span> <span class='ocrx_word' id='word_1_107' title='bbox 1882 1187 1914 1221; x_wconf 90' lang='lat' dir='ltr'>in</span> 
     </span>
     <span class='ocr_line' id='line_1_13' title="bbox 625 1242 1914 1289; baseline 0.001 -10"><span class='ocrx_word' id='word_1_108' title='bbox 625 1243 769 1284; x_wconf 86' lang='lat' dir='ltr'>coluris,</span> <span class='ocrx_word' id='word_1_109' title='bbox 791 1247 940 1289; x_wconf 88' lang='lat' dir='ltr'>propter</span> <span class='ocrx_word' id='word_1_110' title='bbox 956 1242 1147 1288; x_wconf 88' lang='lat' dir='ltr'>aequalem</span> <span class='ocrx_word' id='word_1_111' title='bbox 1163 1243 1376 1279; x_wconf 84' lang='lat' dir='ltr'>distantiam</span> <span class='ocrx_word' id='word_1_112' title='bbox 1396 1243 1444 1278; x_wconf 88' lang='lat' dir='ltr'>ab</span> <span class='ocrx_word' id='word_1_113' title='bbox 1461 1254 1534 1278; x_wconf 89' lang='lat' dir='ltr'>axe</span> <span class='ocrx_word' id='word_1_114' title='bbox 1554 1243 1592 1278; x_wconf 89' lang='lat' dir='ltr'>in</span> <span class='ocrx_word' id='word_1_115' title='bbox 1615 1243 1796 1288; x_wconf 86' lang='lat' dir='ltr'>circuitu,</span> <span class='ocrx_word' id='word_1_116' title='bbox 1814 1250 1852 1280; x_wconf 89' lang='lat' dir='ltr'>et</span> <span class='ocrx_word' id='word_1_117' title='bbox 1869 1255 1914 1279; x_wconf 84' lang='lat' dir='ltr'>ex</span> 
     </span>
     <span class='ocr_line' id='line_1_14' title="bbox 624 1298 1915 1345; baseline 0.001 -10"><span class='ocrx_word' id='word_1_118' title='bbox 624 1299 695 1335; x_wconf 89' lang='lat' dir='ltr'>hoc</span> <span class='ocrx_word' id='word_1_119' title='bbox 721 1300 887 1335; x_wconf 88' lang='lat' dir='ltr'>oriuntur</span> <span class='ocrx_word' id='word_1_120' title='bbox 910 1299 968 1335; x_wconf 86' lang='lat' dir='ltr'>isti</span> <span class='ocrx_word' id='word_1_121' title='bbox 992 1299 1117 1335; x_wconf 86' lang='lat' dir='ltr'>circuli</span> <span class='ocrx_word' id='word_1_122' title='bbox 1142 1305 1180 1334; x_wconf 87' lang='lat' dir='ltr'>et</span> <span class='ocrx_word' id='word_1_123' title='bbox 1205 1305 1360 1345; x_wconf 72' lang='lat' dir='ltr'>possunt</span> <span class='ocrx_word' id='word_1_124' title='bbox 1383 1298 1536 1345; x_wconf 83' lang='lat' dir='ltr'>intelligi</span> <span class='ocrx_word' id='word_1_125' title='bbox 1560 1300 1662 1335; x_wconf 86' lang='lat' dir='ltr'>circa</span> <span class='ocrx_word' id='word_1_126' title='bbox 1686 1311 1821 1336; x_wconf 86' lang='lat' dir='ltr'>axem.</span> <span class='ocrx_word' id='word_1_127' title='bbox 1870 1300 1915 1336; x_wconf 90' lang='lat' dir='ltr'>Et</span> 
     </span>
     <span class='ocr_line' id='line_1_15' title="bbox 626 1356 1913 1402; baseline 0.002 -10"><span class='ocrx_word' id='word_1_128' title='bbox 626 1357 709 1393; x_wconf 87' lang='lat' dir='ltr'>ideo</span> <span class='ocrx_word' id='word_1_129' title='bbox 727 1356 833 1392; x_wconf 87' lang='lat' dir='ltr'>multi</span> <span class='ocrx_word' id='word_1_130' title='bbox 850 1356 1081 1402; x_wconf 88' lang='lat' dir='ltr'>decipiuntur</span> <span class='ocrx_word' id='word_1_131' title='bbox 1096 1357 1332 1392; x_wconf 81' lang='lat' dir='ltr'>aestimantes</span> <span class='ocrx_word' id='word_1_132' title='bbox 1348 1357 1448 1402; x_wconf 93' lang='lat' dir='ltr'>quod</span> <span class='ocrx_word' id='word_1_133' title='bbox 1471 1356 1508 1391; x_wconf 87' lang='lat' dir='ltr'>hi</span> <span class='ocrx_word' id='word_1_134' title='bbox 1529 1357 1657 1392; x_wconf 86' lang='lat' dir='ltr'>circuli</span> <span class='ocrx_word' id='word_1_135' title='bbox 1681 1364 1777 1394; x_wconf 76' lang='lat' dir='ltr'>sunt</span> <span class='ocrx_word' id='word_1_136' title='bbox 1797 1369 1913 1394; x_wconf 73' lang='lat' dir='ltr'>neces·</span> 
     </span>
     <span class='ocr_line' id='line_1_16' title="bbox 626 1413 1912 1459; baseline 0 -9"><span class='ocrx_word' id='word_1_137' title='bbox 626 1414 709 1450; x_wconf 85' lang='lat' dir='ltr'>sarii</span> <span class='ocrx_word' id='word_1_138' title='bbox 748 1415 797 1450; x_wconf 91' lang='lat' dir='ltr'>ad</span> <span class='ocrx_word' id='word_1_139' title='bbox 829 1413 1080 1458; x_wconf 87' lang='lat' dir='ltr'>reflexionem,</span> <span class='ocrx_word' id='word_1_140' title='bbox 1112 1415 1198 1459; x_wconf 90' lang='lat' dir='ltr'>quia</span> <span class='ocrx_word' id='word_1_141' title='bbox 1229 1425 1359 1450; x_wconf 77' lang='lat' dir='ltr'>omnes</span> <span class='ocrx_word' id='word_1_142' title='bbox 1392 1415 1482 1450; x_wconf 88' lang='lat' dir='ltr'>radii</span> <span class='ocrx_word' id='word_1_143' title='bbox 1516 1414 1697 1450; x_wconf 71' lang='lat' dir='ltr'>cadentes</span> <span class='ocrx_word' id='word_1_144' title='bbox 1730 1415 1773 1451; x_wconf 87' lang='lat' dir='ltr'>in</span> <span class='ocrx_word' id='word_1_145' title='bbox 1808 1426 1912 1450; x_wconf 84' lang='lat' dir='ltr'>unam</span> 
     </span>
     <span class='ocr_line' id='line_1_17' title="bbox 627 1471 1912 1518; baseline 0.002 -12"><span class='ocrx_word' id='word_1_146' title='bbox 627 1471 952 1507; x_wconf 82' lang='lat' dir='ltr'>circumferentiam</span> <span class='ocrx_word' id='word_1_147' title='bbox 983 1471 1220 1507; x_wconf 85' lang='lat' dir='ltr'>reflectuntur</span> <span class='ocrx_word' id='word_1_148' title='bbox 1251 1472 1299 1507; x_wconf 90' lang='lat' dir='ltr'>ad</span> <span class='ocrx_word' id='word_1_149' title='bbox 1329 1476 1506 1518; x_wconf 85' lang='lat' dir='ltr'>punctum</span> <span class='ocrx_word' id='word_1_150' title='bbox 1534 1483 1662 1507; x_wconf 89' lang='lat' dir='ltr'>unum.</span> <span class='ocrx_word' id='word_1_151' title='bbox 1729 1471 1811 1508; x_wconf 86' lang='lat' dir='ltr'>Sed</span> <span class='ocrx_word' id='word_1_152' title='bbox 1848 1473 1912 1508; x_wconf 83' lang='lat' dir='ltr'>hoc</span> 
     </span>
     <span class='ocr_line' id='line_1_18' title="bbox 627 1529 1913 1575; baseline 0.002 -10"><span class='ocrx_word' id='word_1_153' title='bbox 627 1529 778 1566; x_wconf 87' lang='lat' dir='ltr'>omnino</span> <span class='ocrx_word' id='word_1_154' title='bbox 802 1529 1027 1565; x_wconf 86' lang='lat' dir='ltr'>accidentale</span> <span class='ocrx_word' id='word_1_155' title='bbox 1050 1535 1129 1572; x_wconf 88' lang='lat' dir='ltr'>est;</span> <span class='ocrx_word' id='word_1_156' title='bbox 1165 1530 1339 1575; x_wconf 87' lang='lat' dir='ltr'>quoniam</span> <span class='ocrx_word' id='word_1_157' title='bbox 1364 1530 1432 1566; x_wconf 83' lang='lat' dir='ltr'>etsi</span> <span class='ocrx_word' id='word_1_158' title='bbox 1458 1541 1532 1566; x_wconf 91' lang='lat' dir='ltr'>non</span> <span class='ocrx_word' id='word_1_159' title='bbox 1556 1536 1682 1566; x_wconf 69' lang='lat' dir='ltr'>essent</span> <span class='ocrx_word' id='word_1_160' title='bbox 1712 1530 1754 1566; x_wconf 87' lang='lat' dir='ltr'>hi</span> <span class='ocrx_word' id='word_1_161' title='bbox 1780 1531 1913 1572; x_wconf 84' lang='lat' dir='ltr'>circuli,</span> 
     </span>
     <span class='ocr_line' id='line_1_19' title="bbox 628 1586 1910 1634; baseline 0.002 -12"><span class='ocrx_word' id='word_1_162' title='bbox 628 1586 732 1623; x_wconf 87' lang='lat' dir='ltr'>fieret</span> <span class='ocrx_word' id='word_1_163' title='bbox 749 1586 910 1628; x_wconf 86' lang='lat' dir='ltr'>reflexio,</span> <span class='ocrx_word' id='word_1_164' title='bbox 922 1587 987 1622; x_wconf 82' lang='lat' dir='ltr'>sed</span> <span class='ocrx_word' id='word_1_165' title='bbox 1004 1586 1110 1622; x_wconf 80' lang='lat' dir='ltr'>nobis</span> <span class='ocrx_word' id='word_1_166' title='bbox 1123 1587 1378 1623; x_wconf 77' lang='lat' dir='ltr'>manifestatur</span> <span class='ocrx_word' id='word_1_167' title='bbox 1394 1587 1508 1623; x_wconf 82' lang='lat' dir='ltr'>levius</span> <span class='ocrx_word' id='word_1_168' title='bbox 1524 1599 1589 1633; x_wconf 91' lang='lat' dir='ltr'>per</span> <span class='ocrx_word' id='word_1_169' title='bbox 1604 1586 1910 1634; x_wconf 84' lang='lat' dir='ltr'>imaginationem</span> 
     </span>
     <span class='ocr_line' id='line_1_20' title="bbox 626 1644 1910 1692; baseline 0.002 -12"><span class='ocrx_word' id='word_1_170' title='bbox 626 1645 779 1681; x_wconf 88' lang='lat' dir='ltr'>istorum</span> <span class='ocrx_word' id='word_1_171' title='bbox 803 1644 1030 1681; x_wconf 87' lang='lat' dir='ltr'>circulorum.</span> <span class='ocrx_word' id='word_1_172' title='bbox 1095 1644 1145 1680; x_wconf 89' lang='lat' dir='ltr'>Et</span> <span class='ocrx_word' id='word_1_173' title='bbox 1163 1644 1256 1680; x_wconf 81' lang='lat' dir='ltr'>haec</span> <span class='ocrx_word' id='word_1_174' title='bbox 1272 1644 1422 1680; x_wconf 82' lang='lat' dir='ltr'>reflexio</span> <span class='ocrx_word' id='word_1_175' title='bbox 1438 1644 1614 1691; x_wconf 90' lang='lat' dir='ltr'>probatur</span> <span class='ocrx_word' id='word_1_176' title='bbox 1629 1656 1700 1691; x_wconf 87' lang='lat' dir='ltr'>per</span> <span class='ocrx_word' id='word_1_177' title='bbox 1715 1645 1910 1692; x_wconf 83' lang='lat' dir='ltr'>experien-</span> 
     </span>
     <span class='ocr_line' id='line_1_21' title="bbox 627 1700 1912 1750; baseline 0.001 -13"><span class='ocrx_word' id='word_1_178' title='bbox 627 1703 717 1738; x_wconf 85' lang='lat' dir='ltr'>tiam</span> <span class='ocrx_word' id='word_1_179' title='bbox 744 1707 780 1737; x_wconf 91' lang='lat' dir='ltr'>et</span> <span class='ocrx_word' id='word_1_180' title='bbox 808 1700 993 1738; x_wconf 80' lang='lat' dir='ltr'>effectum.</span> <span class='ocrx_word' id='word_1_181' title='bbox 1043 1702 1140 1738; x_wconf 89' lang='lat' dir='ltr'>Nam</span> <span class='ocrx_word' id='word_1_182' title='bbox 1169 1702 1322 1748; x_wconf 80' lang='lat' dir='ltr'>speculo</span> <span class='ocrx_word' id='word_1_183' title='bbox 1348 1713 1512 1738; x_wconf 88' lang='lat' dir='ltr'>concavo</span> <span class='ocrx_word' id='word_1_184' title='bbox 1539 1702 1587 1737; x_wconf 91' lang='lat' dir='ltr'>ad</span> <span class='ocrx_word' id='word_1_185' title='bbox 1621 1702 1742 1738; x_wconf 88' lang='lat' dir='ltr'>solem</span> <span class='ocrx_word' id='word_1_186' title='bbox 1782 1703 1912 1750; x_wconf 69' lang='lat' dir='ltr'>posito,</span> 
     </span>
     <span class='ocr_line' id='line_1_22' title="bbox 627 1758 1910 1806; baseline 0.002 -12"><span class='ocrx_word' id='word_1_187' title='bbox 627 1760 719 1806; x_wconf 84' lang='lat' dir='ltr'>ignis</span> <span class='ocrx_word' id='word_1_188' title='bbox 736 1760 959 1803; x_wconf 86' lang='lat' dir='ltr'>accenditur,</span> <span class='ocrx_word' id='word_1_189' title='bbox 976 1765 1017 1796; x_wconf 91' lang='lat' dir='ltr'>ut</span> <span class='ocrx_word' id='word_1_190' title='bbox 1036 1760 1124 1795; x_wconf 89' lang='lat' dir='ltr'>dicit</span> <span class='ocrx_word' id='word_1_191' title='bbox 1142 1760 1269 1796; x_wconf 91' lang='lat' dir='ltr'>ultima</span> <span class='ocrx_word' id='word_1_192' title='bbox 1286 1760 1492 1806; x_wconf 90' lang='lat' dir='ltr'>propositio</span> <span class='ocrx_word' id='word_1_193' title='bbox 1507 1761 1555 1796; x_wconf 91' lang='lat' dir='ltr'>de</span> <span class='ocrx_word' id='word_1_194' title='bbox 1572 1758 1758 1806; x_wconf 80' lang='lat' dir='ltr'>speculis,</span> <span class='ocrx_word' id='word_1_195' title='bbox 1774 1761 1910 1797; x_wconf 80' lang='lat' dir='ltr'>scilicet</span> 
     </span>
     <span class='ocr_line' id='line_1_23' title="bbox 627 1817 1910 1863; baseline 0.002 -11"><span class='ocrx_word' id='word_1_196' title='bbox 627 1817 664 1852; x_wconf 92' lang='lat' dir='ltr'>in</span> <span class='ocrx_word' id='word_1_197' title='bbox 682 1823 820 1863; x_wconf 88' lang='lat' dir='ltr'>puncto</span> <span class='ocrx_word' id='word_1_198' title='bbox 835 1818 918 1853; x_wconf 84' lang='lat' dir='ltr'>axis</span> <span class='ocrx_word' id='word_1_199' title='bbox 933 1818 981 1853; x_wconf 88' lang='lat' dir='ltr'>ad</span> <span class='ocrx_word' id='word_1_200' title='bbox 998 1828 1112 1863; x_wconf 90' lang='lat' dir='ltr'>quem</span> <span class='ocrx_word' id='word_1_201' title='bbox 1128 1817 1365 1853; x_wconf 87' lang='lat' dir='ltr'>reflectuntur</span> <span class='ocrx_word' id='word_1_202' title='bbox 1387 1828 1514 1853; x_wconf 80' lang='lat' dir='ltr'>omnes</span> <span class='ocrx_word' id='word_1_203' title='bbox 1537 1817 1628 1853; x_wconf 88' lang='lat' dir='ltr'>radii</span> <span class='ocrx_word' id='word_1_204' title='bbox 1652 1818 1910 1854; x_wconf 77' lang='lat' dir='ltr'>circumferen-</span> 
     </span>
     <span class='ocr_line' id='line_1_24' title="bbox 627 1875 1910 1922; baseline 0.001 -12"><span class='ocrx_word' id='word_1_205' title='bbox 627 1875 702 1910; x_wconf 86' lang='lat' dir='ltr'>tiae</span> <span class='ocrx_word' id='word_1_206' title='bbox 736 1875 842 1910; x_wconf 88' lang='lat' dir='ltr'>unius</span> <span class='ocrx_word' id='word_1_207' title='bbox 874 1875 1007 1910; x_wconf 89' lang='lat' dir='ltr'>circuli.</span> <span class='ocrx_word' id='word_1_208' title='bbox 1068 1875 1182 1911; x_wconf 90' lang='lat' dir='ltr'>Unde</span> <span class='ocrx_word' id='word_1_209' title='bbox 1217 1876 1248 1911; x_wconf 89' lang='lat' dir='ltr'>si</span> <span class='ocrx_word' id='word_1_210' title='bbox 1281 1882 1391 1922; x_wconf 84' lang='lat' dir='ltr'>stupa</span> <span class='ocrx_word' id='word_1_211' title='bbox 1423 1875 1479 1910; x_wconf 85' lang='lat' dir='ltr'>vel</span> <span class='ocrx_word' id='word_1_212' title='bbox 1514 1875 1613 1911; x_wconf 89' lang='lat' dir='ltr'>aliud</span> <span class='ocrx_word' id='word_1_213' title='bbox 1646 1876 1910 1912; x_wconf 86' lang='lat' dir='ltr'>combustibile</span> 
     </span>
     <span class='ocr_line' id='line_1_25' title="bbox 627 1932 1909 1980; baseline 0.002 -13"><span class='ocrx_word' id='word_1_214' title='bbox 627 1938 851 1978; x_wconf 85' lang='lat' dir='ltr'>apponatur,</span> <span class='ocrx_word' id='word_1_215' title='bbox 876 1932 954 1969; x_wconf 84' lang='lat' dir='ltr'>sole</span> <span class='ocrx_word' id='word_1_216' title='bbox 980 1932 1124 1969; x_wconf 84' lang='lat' dir='ltr'>sortiter</span> <span class='ocrx_word' id='word_1_217' title='bbox 1153 1933 1328 1977; x_wconf 86' lang='lat' dir='ltr'>radiante,</span> <span class='ocrx_word' id='word_1_218' title='bbox 1352 1933 1517 1969; x_wconf 90' lang='lat' dir='ltr'>comburi</span> <span class='ocrx_word' id='word_1_219' title='bbox 1544 1938 1669 1979; x_wconf 85' lang='lat' dir='ltr'>potest</span> <span class='ocrx_word' id='word_1_220' title='bbox 1701 1934 1738 1969; x_wconf 91' lang='lat' dir='ltr'>in</span> <span class='ocrx_word' id='word_1_221' title='bbox 1774 1939 1909 1980; x_wconf 87' lang='lat' dir='ltr'>puncto</span> 
     </span>
     <span class='ocr_line' id='line_1_26' title="bbox 628 1989 701 2026; baseline 0 -2"><span class='ocrx_word' id='word_1_222' title='bbox 628 1989 701 2026; x_wconf 90' lang='lat' dir='ltr'>illo.</span> 
     </span>
     <span class='ocr_line' id='line_1_27' title="bbox 441 2047 1912 2095; baseline 0.001 -12"><span class='ocrx_word' id='word_1_223' title='bbox 441 2062 588 2089; x_wconf 72' lang='lat' dir='ltr'>construe-</span> <span class='ocrx_word' id='word_1_224' title='bbox 678 2047 754 2083; x_wconf 89' lang='lat' dir='ltr'>Sed</span> <span class='ocrx_word' id='word_1_225' title='bbox 779 2059 854 2084; x_wconf 88' lang='lat' dir='ltr'>non</span> <span class='ocrx_word' id='word_1_226' title='bbox 878 2058 1009 2084; x_wconf 87' lang='lat' dir='ltr'>omnes</span> <span class='ocrx_word' id='word_1_227' title='bbox 1038 2047 1129 2084; x_wconf 88' lang='lat' dir='ltr'>radii</span> <span class='ocrx_word' id='word_1_228' title='bbox 1157 2049 1333 2084; x_wconf 79' lang='lat' dir='ltr'>cadentes</span> <span class='ocrx_word' id='word_1_229' title='bbox 1361 2049 1399 2084; x_wconf 90' lang='lat' dir='ltr'>in</span> <span class='ocrx_word' id='word_1_230' title='bbox 1427 2047 1619 2095; x_wconf 78' lang='lat' dir='ltr'>superficie</span> <span class='ocrx_word' id='word_1_231' title='bbox 1646 2048 1745 2084; x_wconf 85' lang='lat' dir='ltr'>illius</span> <span class='ocrx_word' id='word_1_232' title='bbox 1772 2049 1912 2095; x_wconf 86' lang='lat' dir='ltr'>speculi</span> 
     </span>
     <span class='ocr_line' id='line_1_28' title="bbox 442 2097 1910 2160; baseline 0.001 -20"><span class='ocrx_word' id='word_1_233' title='bbox 442 2097 556 2160; x_wconf 45' lang='lat' dir='ltr'>2222ss</span> <span class='ocrx_word' id='word_1_234' title='bbox 628 2110 849 2141; x_wconf 88' lang='lat' dir='ltr'>concurrunt</span> <span class='ocrx_word' id='word_1_235' title='bbox 865 2105 902 2140; x_wconf 91' lang='lat' dir='ltr'>in</span> <span class='ocrx_word' id='word_1_236' title='bbox 921 2111 1098 2151; x_wconf 87' lang='lat' dir='ltr'>punctum</span> <span class='ocrx_word' id='word_1_237' title='bbox 1115 2117 1240 2149; x_wconf 86' lang='lat' dir='ltr'>unum,</span> <span class='ocrx_word' id='word_1_238' title='bbox 1251 2117 1318 2141; x_wconf 88' lang='lat' dir='ltr'>nec</span> <span class='ocrx_word' id='word_1_239' title='bbox 1333 2107 1381 2141; x_wconf 91' lang='lat' dir='ltr'>ad</span> <span class='ocrx_word' id='word_1_240' title='bbox 1400 2117 1548 2141; x_wconf 89' lang='lat' dir='ltr'>omnem</span> <span class='ocrx_word' id='word_1_241' title='bbox 1564 2105 1782 2141; x_wconf 87' lang='lat' dir='ltr'>distantiam</span> <span class='ocrx_word' id='word_1_242' title='bbox 1801 2117 1910 2152; x_wconf 89' lang='lat' dir='ltr'>quam</span> 
     </span>
     <span class='ocr_line' id='line_1_29' title="bbox 442 2162 1913 2210; baseline 0.002 -13"><span class='ocrx_word' id='word_1_243' title='bbox 442 2169 489 2197; x_wconf 76' lang='lat' dir='ltr'>the</span> <span class='ocrx_word' id='word_1_244' title='bbox 502 2177 595 2197; x_wconf 79' lang='lat' dir='ltr'>cnm·</span> <span class='ocrx_word' id='word_1_245' title='bbox 628 2162 809 2199; x_wconf 87' lang='lat' dir='ltr'>volumus.</span> <span class='ocrx_word' id='word_1_246' title='bbox 862 2163 914 2199; x_wconf 88' lang='lat' dir='ltr'>Et</span> <span class='ocrx_word' id='word_1_247' title='bbox 931 2164 1014 2199; x_wconf 87' lang='lat' dir='ltr'>ideo</span> <span class='ocrx_word' id='word_1_248' title='bbox 1037 2163 1245 2210; x_wconf 85' lang='lat' dir='ltr'>philosophi</span> <span class='ocrx_word' id='word_1_249' title='bbox 1267 2164 1440 2210; x_wconf 86' lang='lat' dir='ltr'>ingeniati</span> <span class='ocrx_word' id='word_1_250' title='bbox 1460 2169 1547 2199; x_wconf 83' lang='lat' dir='ltr'>sunt</span> <span class='ocrx_word' id='word_1_251' title='bbox 1571 2162 1724 2210; x_wconf 87' lang='lat' dir='ltr'>specula</span> <span class='ocrx_word' id='word_1_252' title='bbox 1748 2174 1913 2200; x_wconf 86' lang='lat' dir='ltr'>concava</span> 
     </span>
     <span class='ocr_line' id='line_1_30' title="bbox 441 2205 1912 2270; baseline 0.002 -15"><span class='ocrx_word' id='word_1_253' title='bbox 441 2205 615 2270; x_wconf 48' lang='grc' dir='ltr'>ξξζξςζῐὼῃ</span> <span class='ocrx_word' id='word_1_254' title='bbox 630 2220 783 2256; x_wconf 88' lang='lat' dir='ltr'>aliarum</span> <span class='ocrx_word' id='word_1_255' title='bbox 801 2219 999 2266; x_wconf 82' lang='lat' dir='ltr'>figurarum</span> <span class='ocrx_word' id='word_1_256' title='bbox 1023 2232 1134 2267; x_wconf 87' lang='lat' dir='ltr'>quam</span> <span class='ocrx_word' id='word_1_257' title='bbox 1155 2227 1240 2257; x_wconf 85' lang='lat' dir='ltr'>sunt</span> <span class='ocrx_word' id='word_1_258' title='bbox 1259 2221 1410 2268; x_wconf 87' lang='lat' dir='ltr'>specula</span> <span class='ocrx_word' id='word_1_259' title='bbox 1430 2221 1529 2257; x_wconf 88' lang='lat' dir='ltr'>dicta</span> <span class='ocrx_word' id='word_1_260' title='bbox 1553 2222 1805 2258; x_wconf 85' lang='lat' dir='ltr'>communiter</span> <span class='ocrx_word' id='word_1_261' title='bbox 1827 2234 1912 2258; x_wconf 88' lang='lat' dir='ltr'>con·</span> 
     </span>
     <span class='ocr_line' id='line_1_31' title="bbox 439 2277 1910 2341; baseline 0.001 -27"><span class='ocrx_word' id='word_1_262' title='bbox 439 2278 519 2341; x_wconf 52' lang='lat' dir='ltr'>effect</span> <span class='ocrx_word' id='word_1_263' title='bbox 528 2286 604 2306; x_wconf 80' lang='lat' dir='ltr'>com-</span> <span class='ocrx_word' id='word_1_264' title='bbox 631 2290 733 2322; x_wconf 87' lang='lat' dir='ltr'>eava,</span> <span class='ocrx_word' id='word_1_265' title='bbox 766 2283 809 2313; x_wconf 90' lang='lat' dir='ltr'>ut</span> <span class='ocrx_word' id='word_1_266' title='bbox 840 2277 907 2314; x_wconf 83' lang='lat' dir='ltr'>fiat</span> <span class='ocrx_word' id='word_1_267' title='bbox 939 2279 1178 2325; x_wconf 86' lang='lat' dir='ltr'>congregatio</span> <span class='ocrx_word' id='word_1_268' title='bbox 1213 2279 1376 2315; x_wconf 88' lang='lat' dir='ltr'>omnium</span> <span class='ocrx_word' id='word_1_269' title='bbox 1410 2280 1595 2315; x_wconf 88' lang='lat' dir='ltr'>radiorum</span> <span class='ocrx_word' id='word_1_270' title='bbox 1626 2279 1844 2315; x_wconf 87' lang='lat' dir='ltr'>cadentium</span> <span class='ocrx_word' id='word_1_271' title='bbox 1876 2281 1910 2316; x_wconf 90' lang='lat' dir='ltr'>in</span> 
     </span>
     <span class='ocr_line' id='line_1_32' title="bbox 441 2319 1912 2387; baseline 0.002 -16"><span class='ocrx_word' id='word_1_272' title='bbox 441 2319 594 2387; x_wconf 39' lang='lat' dir='ltr'>ifessafgss&#39;</span> <span class='ocrx_word' id='word_1_273' title='bbox 631 2335 823 2382; x_wconf 84' lang='lat' dir='ltr'>superficie</span> <span class='ocrx_word' id='word_1_274' title='bbox 839 2336 977 2382; x_wconf 87' lang='lat' dir='ltr'>speculi</span> <span class='ocrx_word' id='word_1_275' title='bbox 993 2336 1041 2371; x_wconf 90' lang='lat' dir='ltr'>ad</span> <span class='ocrx_word' id='word_1_276' title='bbox 1058 2342 1236 2382; x_wconf 88' lang='lat' dir='ltr'>punctum</span> <span class='ocrx_word' id='word_1_277' title='bbox 1254 2346 1368 2371; x_wconf 90' lang='lat' dir='ltr'>unum</span> <span class='ocrx_word' id='word_1_278' title='bbox 1389 2336 1426 2372; x_wconf 89' lang='lat' dir='ltr'>in</span> <span class='ocrx_word' id='word_1_279' title='bbox 1447 2347 1530 2380; x_wconf 85' lang='lat' dir='ltr'>axe,</span> <span class='ocrx_word' id='word_1_280' title='bbox 1547 2341 1585 2371; x_wconf 89' lang='lat' dir='ltr'>et</span> <span class='ocrx_word' id='word_1_281' title='bbox 1602 2346 1675 2371; x_wconf 89' lang='lat' dir='ltr'>non</span> <span class='ocrx_word' id='word_1_282' title='bbox 1698 2336 1825 2372; x_wconf 81' lang='lat' dir='ltr'>solum</span> <span class='ocrx_word' id='word_1_283' title='bbox 1847 2338 1912 2374; x_wconf 83' lang='lat' dir='ltr'>fiat</span> 
     </span>
     <span class='ocr_line' id='line_1_33' title="bbox 631 2393 1912 2440; baseline 0.001 -10"><span class='ocrx_word' id='word_1_284' title='bbox 631 2395 679 2430; x_wconf 89' lang='lat' dir='ltr'>ad</span> <span class='ocrx_word' id='word_1_285' title='bbox 696 2393 857 2439; x_wconf 85' lang='lat' dir='ltr'>aliquam</span> <span class='ocrx_word' id='word_1_286' title='bbox 876 2393 1158 2430; x_wconf 88' lang='lat' dir='ltr'>determinatam</span> <span class='ocrx_word' id='word_1_287' title='bbox 1173 2394 1394 2436; x_wconf 84' lang='lat' dir='ltr'>distantiam,</span> <span class='ocrx_word' id='word_1_288' title='bbox 1410 2394 1475 2429; x_wconf 80' lang='lat' dir='ltr'>sed</span> <span class='ocrx_word' id='word_1_289' title='bbox 1493 2394 1542 2429; x_wconf 86' lang='lat' dir='ltr'>ad</span> <span class='ocrx_word' id='word_1_290' title='bbox 1562 2404 1711 2429; x_wconf 89' lang='lat' dir='ltr'>omnem</span> <span class='ocrx_word' id='word_1_291' title='bbox 1729 2401 1912 2440; x_wconf 87' lang='lat' dir='ltr'>quantum</span> 
     </span>
     <span class='ocr_line' id='line_1_34' title="bbox 629 2450 1914 2500; baseline 0.002 -14"><span class='ocrx_word' id='word_1_292' title='bbox 629 2451 785 2487; x_wconf 86' lang='lat' dir='ltr'>voluerit</span> <span class='ocrx_word' id='word_1_293' title='bbox 824 2451 1138 2496; x_wconf 88' lang='lat' dir='ltr'>experimentator</span> <span class='ocrx_word' id='word_1_294' title='bbox 1177 2451 1365 2497; x_wconf 80' lang='lat' dir='ltr'>perfectus.</span> <span class='ocrx_word' id='word_1_295' title='bbox 1424 2450 1475 2486; x_wconf 89' lang='lat' dir='ltr'>Et</span> <span class='ocrx_word' id='word_1_296' title='bbox 1515 2452 1586 2487; x_wconf 90' lang='lat' dir='ltr'>hoc</span> <span class='ocrx_word' id='word_1_297' title='bbox 1627 2452 1808 2498; x_wconf 86' lang='lat' dir='ltr'>probatur</span> <span class='ocrx_word' id='word_1_298' title='bbox 1850 2465 1914 2500; x_wconf 90' lang='lat' dir='ltr'>per</span> 
     </span>
     <span class='ocr_line' id='line_1_35' title="bbox 630 2507 1915 2560; baseline 0.002 -16"><span class='ocrx_word' id='word_1_299' title='bbox 630 2515 820 2545; x_wconf 87' lang='lat' dir='ltr'>auctorem</span> <span class='ocrx_word' id='word_1_300' title='bbox 846 2508 927 2560; x_wconf 77' lang='lat' dir='ltr'>libri</span> <span class='ocrx_word' id='word_1_301' title='bbox 952 2510 1002 2544; x_wconf 94' lang='lat' dir='ltr'>de</span> <span class='ocrx_word' id='word_1_302' title='bbox 1019 2507 1188 2555; x_wconf 78' lang='lat' dir='ltr'>speculis</span> <span class='ocrx_word' id='word_1_303' title='bbox 1213 2509 1535 2551; x_wconf 76' lang='lat' dir='ltr'>Comburentibua,</span> <span class='ocrx_word' id='word_1_304' title='bbox 1552 2509 1614 2554; x_wconf 89' lang='lat' dir='ltr'>qui</span> <span class='ocrx_word' id='word_1_305' title='bbox 1631 2508 1732 2550; x_wconf 88' lang='lat' dir='ltr'>dicit,</span> <span class='ocrx_word' id='word_1_306' title='bbox 1750 2511 1915 2555; x_wconf 86' lang='lat' dir='ltr'>qualiter</span> 
     </span>
     <span class='ocr_line' id='line_1_36' title="bbox 631 2566 1913 2613; baseline 0.002 -10"><span class='ocrx_word' id='word_1_307' title='bbox 631 2572 754 2603; x_wconf 85' lang='lat' dir='ltr'>autem</span> <span class='ocrx_word' id='word_1_308' title='bbox 772 2566 974 2602; x_wconf 88' lang='lat' dir='ltr'>habeamus</span> <span class='ocrx_word' id='word_1_309' title='bbox 995 2566 1185 2613; x_wconf 87' lang='lat' dir='ltr'>speculum</span> <span class='ocrx_word' id='word_1_310' title='bbox 1206 2577 1407 2603; x_wconf 88' lang='lat' dir='ltr'>concavum</span> <span class='ocrx_word' id='word_1_311' title='bbox 1433 2566 1659 2610; x_wconf 81' lang='lat' dir='ltr'>comburens,</span> <span class='ocrx_word' id='word_1_312' title='bbox 1675 2566 1783 2612; x_wconf 86' lang='lat' dir='ltr'>cujus</span> <span class='ocrx_word' id='word_1_313' title='bbox 1809 2579 1913 2605; x_wconf 88' lang='lat' dir='ltr'>com-</span> 
     </span>
     <span class='ocr_line' id='line_1_37' title="bbox 632 2624 1912 2671; baseline 0.002 -11"><span class='ocrx_word' id='word_1_314' title='bbox 632 2624 754 2661; x_wconf 87' lang='lat' dir='ltr'>bustio</span> <span class='ocrx_word' id='word_1_315' title='bbox 770 2625 816 2660; x_wconf 85' lang='lat' dir='ltr'>sit</span> <span class='ocrx_word' id='word_1_316' title='bbox 833 2625 1034 2660; x_wconf 83' lang='lat' dir='ltr'>secundum</span> <span class='ocrx_word' id='word_1_317' title='bbox 1051 2624 1317 2670; x_wconf 85' lang='lat' dir='ltr'>longitudinem</span> <span class='ocrx_word' id='word_1_318' title='bbox 1335 2630 1461 2660; x_wconf 90' lang='lat' dir='ltr'>notam</span> <span class='ocrx_word' id='word_1_319' title='bbox 1478 2635 1735 2671; x_wconf 89' lang='lat' dir='ltr'>quamcunque</span> <span class='ocrx_word' id='word_1_320' title='bbox 1751 2625 1912 2662; x_wconf 91' lang='lat' dir='ltr'>volueri·</span> 
     </span>
     <span class='ocr_line' id='line_1_38' title="bbox 632 2681 1910 2728; baseline 0.002 -11"><span class='ocrx_word' id='word_1_321' title='bbox 632 2693 725 2726; x_wconf 84' lang='lat' dir='ltr'>mus,</span> <span class='ocrx_word' id='word_1_322' title='bbox 751 2693 930 2728; x_wconf 85' lang='lat' dir='ltr'>ponemus</span> <span class='ocrx_word' id='word_1_323' title='bbox 964 2681 1138 2717; x_wconf 88' lang='lat' dir='ltr'>laminam</span> <span class='ocrx_word' id='word_1_324' title='bbox 1172 2682 1221 2718; x_wconf 91' lang='lat' dir='ltr'>de</span> <span class='ocrx_word' id='word_1_325' title='bbox 1252 2682 1419 2728; x_wconf 87' lang='lat' dir='ltr'>chalybe,</span> <span class='ocrx_word' id='word_1_326' title='bbox 1444 2687 1523 2725; x_wconf 66' lang='lat' dir='ltr'>etc„</span> <span class='ocrx_word' id='word_1_327' title='bbox 1551 2683 1651 2728; x_wconf 91' lang='lat' dir='ltr'>quod</span> <span class='ocrx_word' id='word_1_328' title='bbox 1685 2682 1797 2719; x_wconf 88' lang='lat' dir='ltr'>docet</span> <span class='ocrx_word' id='word_1_329' title='bbox 1832 2682 1910 2719; x_wconf 85' lang='lat' dir='ltr'>fieri</span> 
     </span>
    </p>
   </div>
   <div class='ocr_carea' id='block_1_3' title="bbox 632 2740 1912 2788">
    <p class='ocr_par' dir='ltr' id='par_1_3' title="bbox 632 2740 1912 2788">
     <span class='ocr_line' id='line_1_39' title="bbox 632 2740 1912 2788; baseline 0.002 -12"><span class='ocrx_word' id='word_1_330' title='bbox 632 2740 833 2777; x_wconf 85' lang='lat' dir='ltr'>secundum</span> <span class='ocrx_word' id='word_1_331' title='bbox 861 2740 1016 2788; x_wconf 82' lang='lat' dir='ltr'>figuram</span> <span class='ocrx_word' id='word_1_332' title='bbox 1042 2740 1101 2777; x_wconf 88' lang='lat' dir='ltr'>ovi</span> <span class='ocrx_word' id='word_1_333' title='bbox 1127 2740 1184 2777; x_wconf 89' lang='lat' dir='ltr'>vel</span> <span class='ocrx_word' id='word_1_334' title='bbox 1216 2740 1354 2784; x_wconf 88' lang='lat' dir='ltr'>annuli,</span> <span class='ocrx_word' id='word_1_335' title='bbox 1380 2746 1418 2776; x_wconf 91' lang='lat' dir='ltr'>et</span> <span class='ocrx_word' id='word_1_336' title='bbox 1444 2740 1550 2788; x_wconf 88' lang='lat' dir='ltr'>ponit</span> <span class='ocrx_word' id='word_1_337' title='bbox 1577 2740 1625 2776; x_wconf 89' lang='lat' dir='ltr'>ad</span> <span class='ocrx_word' id='word_1_338' title='bbox 1653 2740 1725 2777; x_wconf 86' lang='lat' dir='ltr'>hoc</span> <span class='ocrx_word' id='word_1_339' title='bbox 1751 2741 1912 2778; x_wconf 88' lang='lat' dir='ltr'>demon-</span> 
     </span>
    </p>
   </div>
  </div>
 </body>
</html>
