2350 3580
623 744 988 787 PERSPECTWAE
1011 751 1141 787 PARS
1165 751 1323 787 PRIMA
1335 763 1348 785 .·
1383 751 1507 787 9131:
1536 751 1596 788 JV.
1711 761 1757 796 27

477 848 630 890 propter
657 854 800 886 uvam.
822 854 911 880 nam
933 843 965 879 si
988 853 1080 880 uvea
1099 848 1157 880 est
1181 842 1323 890 glauca,
1346 842 1476 879 oculus
1498 848 1556 880 est
1579 842 1758 890 glaucum

477 900 509 937 si
545 900 659 948 nigra.
695 900 822 938 oculus
858 906 917 938 est
949 900 1061 948 niger.
1132 898 1206 939 Vel
1242 906 1365 948 potest
1403 901 1545 938 causari
1577 900 1759 948 glaucias

478 963 632 1005 propter
657 958 841 1001 humores,
871 958 1045 1006 quoniam
1070 957 1102 995 si
1127 957 1263 996 suerint
1294 957 1533 996 humidimtes
1565 958 1694 1001 clarae,
1719 963 1758 996 et

479 1016 610 1052 suerint
648 1017 790 1064 positae
821 1028 939 1064 prope
971 1021 1090 1059 extra,
1123 1021 1163 1053 et
1198 1015 1305 1052 fuerit
1343 1016 1576 1063 crystallinus
1617 1016 1759 1052 multae

477 1073 706 1120 quantitatis,
726 1080 765 1111 et
779 1073 998 1122 albugineus
1012 1074 1063 1111 sit
1079 1073 1255 1120 modicus,
1274 1074 1344 1111 erit
1360 1073 1490 1111 oculus
1505 1073 1672 1121 g1aucus‚
1687 1073 1758 1111 nisi

477 1132 622 1168 aecidat
654 1132 875 1170 cummium
910 1143 934 1169 a
972 1132 1108 1169 tunica.
1184 1132 1236 1169 Et
1274 1132 1306 1168 si
1345 1131 1476 1170 fuerint
1518 1132 1758 1170 humiditates

478 1190 667 1232 obscurae,
684 1195 724 1226 et
739 1190 972 1237 crystallinus
988 1191 1036 1226 sit
1051 1190 1210 1228 tendens
1225 1190 1272 1226 ad
1290 1190 1441 1228 interius
1464 1190 1573 1232 oculi,
1587 1195 1627 1226 et
1647 1189 1756 1226 fuerit

478 1257 613 1293 parvus
633 1253 671 1284 et
692 1248 910 1294 albugineus
934 1247 1084 1293 multus,
1106 1248 1159 1284 ita
1185 1249 1285 1294 quod
1318 1247 1427 1284 saciat
1451 1247 1758 1290 obscurationem,

477 1304 571 1341 sicut
595 1315 692 1352 aqua
715 1304 875 1342 multum
898 1305 1081 1352 profunda
1097 1316 1196 1352 quae
1216 1305 1423 1353 submergit
1442 1310 1481 1342 et
1502 1305 1667 1352 cooperit
1691 1315 1759 1350 res,

478 1367 567 1398 tunc
586 1361 715 1400 oculus
735 1363 802 1400 erit
826 1363 938 1410 niger.
987 1363 1072 1400 Hoc
1097 1363 1215 1401 voluit
1239 1362 1472 1408 Aristoteles,
1496 1369 1535 1400 et
1563 1362 1757 1400 Avieenna

477 1420 625 1456 decimo
645 1431 744 1457 nouo
761 1421 810 1457 de
827 1421 1070 1458 Animalibus.

958 1571 1212 1608 CAPITULUM
1232 1571 1284 1607 II.

739 1666 800 1703 De
817 1666 1099 1714 proprietatibus
1117 1666 1305 1704 anterioris
1321 1665 1492 1713 glaciaiis.

528 1761 704 1798 Anterior
726 1767 849 1798 autem
870 1762 1034 1809 glacialis
1059 1763 1172 1799 habet
1195 1763 1332 1798 multas
1354 1764 1605 1810 proprietates.
1657 1764 1756 1799 Nam
1772 1763 1912 1794 Theletu-

478 1819 597 1866 prima
619 1825 656 1856 et
680 1819 886 1867 principalis
911 1826 978 1865 est,
993 1820 1094 1868 quod
1120 1820 1236 1856 virtus
1257 1820 1370 1856 visiva
1394 1827 1453 1857 est
1478 1826 1623 1856 tantum
1643 1820 1678 1856 in
1701 1833 1756 1863 eo.

477 1878 679 1914 secundum
697 1877 865 1914 Alhazen
883 1883 921 1914 et
938 1883 1112 1915 meteros.
1163 1878 1253 1915 Alia
1274 1878 1370 1914 enirn
1387 1878 1511 1914 omnia
1534 1884 1619 1914 ante
1635 1879 1756 1925 ipsum

477 1940 565 1970 sunt
604 1936 845 1972 instrumenta
885 1936 974 1983 ejus.
1013 1941 1051 1972 et
1092 1942 1245 1984 propter
1283 1936 1415 1983 ipsum.
1466 1937 1564 1972 Nam
1605 1937 1636 1972 si
1678 1937 1757 1984 ipse

476 1993 656 2035 laedatur.
672 1994 751 2030 aliis
775 1994 896 2036 salvis.
921 1995 1121 2030 destruitur
1145 1995 1248 2039 visio,
1264 1999 1303 2030 et
1327 1995 1356 2030 si
1382 1995 1459 2041 ipse
1483 1995 1532 2030 sit
1555 1994 1690 2036 salvus,
1717 2000 1754 2030 et

477 2050 558 2087 aliis
575 2051 717 2088 accidat
734 2050 855 2095 laesio,
872 2053 1079 2088 dummodo
1097 2057 1244 2088 maneat
1261 2062 1388 2088 eorum
1405 2051 1667 2099 diaphaneitas,
1680 2063 1754 2089 non

477 2108 679 2146 destruitur
703 2109 803 2154 visio,
827 2109 917 2157 quin
941 2109 1032 2153 fiat;
1066 2120 1152 2146 nam
1188 2110 1276 2146 dum
1310 2114 1475 2146 remanet
1503 2109 1756 2157 diaphaneitas

477 2167 574 2202 inter
596 2166 788 2214 glacialem
815 2167 1030 2203 continuata
1052 2178 1137 2203 cum
1163 2167 1437 2214 diaphaneitate
1465 2167 1567 2210 aeris,
1593 2179 1667 2205 non
1688 2168 1754 2205 de-

477 2224 629 2260 struitur
650 2225 752 2267 visio,
768 2225 972 2261 dummodo
997 2225 1120 2260 salvus
1137 2225 1183 2260 sit
1200 2226 1279 2272 ipse
1300 2225 1458 2260 anterior
1474 2225 1649 2272 glacialis.
1702 2226 1755 2262 Et

476 2281 639 2319 anterior
652 2281 815 2329 glacialis
832 2288 890 2318 est
904 2282 1088 2327 humidus,
1106 2288 1148 2318 ut
1165 2282 1270 2319 citius
1294 2282 1456 2330 patiatur
1472 2295 1498 2319 a
1518 2283 1640 2329 specie
1662 2282 1755 2319 lucis

475 2345 515 2377 et
530 2339 675 2382 coloris,
691 2351 778 2377 nam
798 2340 893 2376 bene
908 2340 1003 2378 sicca
1019 2351 1093 2376 non
1110 2341 1159 2377 de
1172 2340 1269 2377 facili
1289 2341 1464 2387 recipiunt
1478 2341 1754 2387 impressionem

476 2402 516 2433 et
540 2402 597 2435 est
621 2397 776 2440 subtilis,
791 2398 879 2444 quia
903 2398 1089 2434 subtilitas
1112 2399 1276 2444 corporis
1310 2398 1395 2434 facit
1427 2398 1475 2434 ad
1512 2398 1754 2436 subtilitatem

476 2467 632 2500 sensus3
664 2461 703 2492 et
727 2461 783 2492 est
808 2455 1079 2503 aliquantulum
1103 2455 1323 2503 diaphanus,
1358 2461 1400 2492 ut
1432 2455 1585 2503 recipiat
1617 2455 1755 2494 formas

475 2511 569 2550 lucis
600 2518 640 2549 et
671 2512 812 2556 coloris,
836 2519 875 2550 et
906 2524 972 2560 per
1005 2513 1127 2562 ipsum,
1159 2519 1349 2550 transeant
1382 2524 1498 2560 usque
1531 2515 1578 2550 ad
1604 2527 1754 2551 nervum

474 2581 730 2615 communem;
764 2577 802 2608 et
830 2576 887 2606 est
916 2571 1183 2618 aJiquantulum
1214 2571 1361 2618 spissus,
1387 2578 1428 2606 ut
1457 2572 1613 2609 retineat
1643 2573 1679 2607 in
1707 2583 1754 2609 eo

475 2629 539 2664 diu
573 2630 722 2674 species,
755 2634 939 2676 quatenus
974 2634 1181 2676 appareant
1213 2629 1340 2665 virtuti
1376 2629 1524 2671 visivae.
1561 2635 1599 2665 et
1635 2631 1753 2677 possit

474 2684 553 2722 fieri
573 2685 761 2732 judicium.
812 2685 911 2723 Nam
935 2686 966 2722 si
990 2691 1088 2723 esset
1112 2686 1243 2722 nimiae
1270 2686 1532 2733 diaphaneitaa
1556 2692 1645 2723 tunc
1669 2699 1752 2734 per-

474 2744 672 2782 transirent
697 2745 838 2792 speciee
862 2745 900 2780 in
921 2755 978 2786 eo,
994 2750 1033 2782 et
1059 2755 1132 2781 non
1159 2749 1387 2782 remanerent
1410 2750 1454 2783 ut
1477 2743 1582 2782 fieret
1602 2745 1752 2793 aliquod

470 2802 664 2850 Judicium,
680 2806 717 2838 et
735 2803 820 2838 ideo
837 2808 986 2849 oportet
1003 2808 1044 2838 ut
1061 2802 1108 2837 sit
1125 2802 1395 2848 aliquantulum
1406 2802 1553 2850 spissus.
1570 2810 1753 2851 quatenus

474 2861 638 2908 patiatur
661 2873 685 2897 a
708 2860 899 2907 speciebus
923 2862 1132 2906 passionem
1157 2871 1254 2906 quae
1276 2865 1334 2896 at
1362 2861 1410 2897 de
1440 2871 1574 2907 genere
1605 2861 1752 2898 doloris.

471 2917 656 2956 Videmus
675 2919 770 2954 euim
786 2919 888 2966 quod
905 2917 1018 2955 fortes
1039 2918 1139 2955 luces
1154 2924 1194 2955 et
1210 2918 1352 2955 colore·
1364 2924 1562 2966 augustant
1578 2919 1696 2956 visum
1713 2926 1752 2957 et

474 2975 638 3021 laedunt,
654 2981 692 3013 et
708 2975 875 3014 dolorem
892 2976 1061 3014 inferunt.
1110 2975 1188 3014 Sed
1205 2977 1325 3014 omnis
1342 2975 1440 3014 actio
1458 2976 1550 3014 lucis
1566 2983 1623 3015 est
1641 2977 1748 3015 unius
