2350 3580
1498 388 1499 399 1

370 339 1501 562 -
1508 528 1512 538 ι

634 734 1000 768 PERSPECTIVAE
1026 734 1154 768 PARS
1182 734 1335 768 PRIMA
1351 746 1363 766 .·
1395 734 1517 768 DIST.
1542 734 1584 767 Χ.
1709 741 1752 776 75

470 825 658 861 sensibilia
672 836 738 871 per
754 836 795 860 se
811 826 859 861 de
880 825 1013 871 quibus
1038 830 1196 870 possunt
1219 824 1428 867 certificare,
1449 824 1514 860 sed
1543 824 1591 859 de
1618 823 1753 869 quibus

474 895 547 918 non
566 888 720 929 possunt
737 882 937 920 certificare
954 888 1040 919 sunt
1057 882 1243 919 sensibilia
1261 894 1325 929 per
1341 882 1522 919 accidens.

525 940 575 976 Et
595 939 680 976 licet
701 941 800 987 prius
812 939 823 961 ¹
843 946 986 977 tactum
1008 941 1054 976 sit
1077 942 1123 977 de
1150 940 1208 976 his
1230 940 1463 976 sensibilibus
1478 950 1546 986 per
1566 950 1607 975 se
1629 944 1667 976 et
1687 949 1754 986 per
1767 941 1898 986 Axi-lysi}
1911 943 1943 970 οἵ

473 998 650 1040 accidens,
692 1003 817 1033 tamen
855 1010 901 1034 ne
932 998 1064 1044 aliquis
1097 1009 1199 1034 error
1232 999 1403 1040 incurrat,
1442 1008 1589 1032 necesse
1622 1002 1678 1032 est
1712 1000 1753 1031 ut
1767 983 1936 1016 ⁹⁸⁰²⁹¹¹⁰¹¹'

474 1057 619 1091 uberius
642 1061 886 1102 exponantur.
937 1057 1031 1092 Dico
1050 1067 1139 1101 ergo
1159 1057 1259 1102 quod
1283 1054 1467 1091 sensibilia
1493 1065 1558 1101 per
1585 1053 1753 1090 accidens

473 1120 559 1149 sunt
575 1113 788 1160 dupliciter:
815 1114 997 1160 quaedam
1016 1118 1167 1160 possunt
1185 1112 1375 1149 certificari
1392 1113 1441 1148 ab
1457 1112 1538 1148 aliis
1557 1110 1754 1148 virtutibus

474 1171 619 1207 animae
643 1172 848 1213 sensitivae,
868 1177 910 1207 ut
934 1172 983 1207 ab
1008 1171 1239 1206 aestimativa
1261 1177 1299 1206 et
1319 1170 1569 1212 memorativa,
1593 1175 1635 1205 ut
1654 1169 1755 1215 prius

475 1228 615 1264 dictum
633 1235 699 1269 est,
716 1230 899 1274 quaedam
912 1228 929 1250 ²
946 1234 1070 1264 tamen
1096 1230 1265 1265 dicuntur
1288 1227 1474 1264 sensibilia
1496 1239 1562 1273 per
1583 1227 1754 1263 accidens

476 1291 642 1332 respectu
684 1296 857 1322 sensuum
900 1286 1187 1332 particularium,
1226 1291 1265 1321 et,
1301 1295 1430 1321 sensus
1471 1285 1676 1321 communis
1716 1289 1755 1320 et

477 1343 752 1389 imaginationis,
768 1343 945 1390 quoniam
962 1354 1090 1380 sensus
1112 1343 1205 1379 tales
1228 1354 1299 1380 non
1323 1342 1527 1389 percipiunt
1545 1341 1756 1388 hujusmodi

476 1401 675 1436 secundum
701 1412 741 1436 se
764 1407 801 1436 et
821 1412 888 1447 per
906 1413 960 1444 se,
982 1401 1049 1436 sed
1072 1401 1157 1447 quia
1176 1401 1407 1446 reperiuntur
1431 1401 1467 1435 in
1491 1401 1627 1435 eisdem
1647 1399 1755 1434 rebus

477 1469 559 1494 cum
577 1459 650 1494 suis
675 1459 908 1495 sensibilibus
924 1471 991 1506 per
1012 1471 1073 1502 se;
1099 1465 1140 1494 ut
1163 1460 1250 1505 quia
1268 1459 1456 1494 inimicitia
1483 1463 1649 1504 respectu
1669 1456 1755 1504 agni

477 1523 533 1552 est
573 1516 679 1552 simul
718 1528 801 1552 cum
840 1516 955 1563 figura
1001 1523 1039 1552 et
1081 1516 1203 1553 colore
1241 1515 1330 1563 lupi,
1369 1527 1485 1562 agnus
1522 1515 1558 1551 in
1595 1515 1754 1551 videndo

477 1574 604 1621 lupum
636 1574 737 1610 videt
774 1575 954 1611 inimicum
991 1582 1029 1611 et
1059 1575 1272 1617 coloratum,
1305 1575 1370 1610 sed
1404 1575 1452 1610 de
1488 1573 1634 1610 inimico
1667 1572 1755 1608 nihil

475 1632 615 1677 judicat
633 1632 759 1667 oculus
782 1643 848 1678 per
863 1644 914 1675 se⁷
937 1634 999 1668 sed
1019 1633 1139 1667 solum
1165 1633 1251 1678 quia
1274 1633 1454 1667 invenitur
1474 1643 1558 1666 cum
1581 1631 1755 1667 colorato.

480 1689 529 1724 Et
555 1690 643 1735 quia
670 1701 797 1726 sensus
826 1690 1050 1736 particularis
1074 1696 1111 1726 et
1134 1689 1341 1725 communis
1363 1688 1559 1735 vulgariter
1581 1694 1757 1724 vocantur

478 1757 615 1786 sensus.
659 1747 744 1783 ideo
777 1748 958 1784 sensibilia
997 1749 1045 1784 de
1085 1748 1219 1794 quibus
1259 1747 1308 1783 illi
1345 1747 1547 1783 certificant
1580 1751 1756 1782 vocantur

478 1804 659 1840 sensibilia
686 1815 752 1850 per
779 1816 828 1849 se,
857 1812 895 1843 et
921 1806 968 1840 de
994 1807 1128 1852 quibus
1157 1806 1205 1840 illi
1239 1816 1312 1840 non
1347 1804 1549 1840 certificant
1581 1808 1758 1839 vooentur

477 1863 660 1898 sensibilia
678 1874 744 1908 per
759 1865 941 1907 accidens,
959 1865 1126 1910 quamvis
1143 1865 1268 1910 aliqua
1293 1864 1436 1898 illorum
1456 1862 1595 1909 possint
1612 1862 1661 1897 ab
1677 1862 1758 1897 aliis

477 1919 672 1956 virtutibus
700 1922 845 1956 animae
870 1920 1102 1957 interioribus
1128 1920 1314 1968 cognosci.
1376 1919 1621 1956 Aestimativa
1647 1919 1758 1960 enim,

477 1984 515 2013 et
548 1978 759 2024 cogitativa,
791 1985 829 2014 et
867 1979 1105 2015 memorativa
1141 1989 1215 2015 non
1245 1985 1425 2014 vocantur
1451 1988 1578 2012 sensus
1608 1976 1758 2023 vulgato

479 2036 637 2079 nomine,
678 2037 845 2082 quamvis
881 2035 952 2071 sint
994 2043 1118 2082 partes
1160 2037 1308 2072 animae
1348 2035 1554 2077 sensitivae,
1596 2039 1632 2070 et
1675 2035 1759 2069 ideo

478 2094 664 2129 sensibilia
684 2095 730 2129 ab
748 2094 818 2129 illis
835 2100 1010 2130 vocantur
1028 2095 1214 2131 sensibilia
1232 2105 1299 2140 per
1314 2094 1497 2134 accidens,
1521 2097 1672 2139 propter
1688 2091 1759 2128 hoc

479 2152 577 2197 quod
596 2151 776 2188 sensibilia
794 2151 997 2187 referuntur
1012 2154 1059 2188 ad
1072 2163 1201 2188 sensus
1212 2151 1450 2199 particulares
1461 2157 1498 2186 et
1512 2160 1758 2187 communem.

528 2208 605 2245 Sed
637 2208 710 2245 alia
741 2214 828 2245 sunt
860 2209 1041 2245 sensibilia
1075 2221 1141 2256 per
1172 2211 1340 2246 accidens
1372 2209 1511 2255 quam-'⁹
1534 2219 1578 2242 ea
1611 2219 1706 2253 quae
1736 2218 1759 2242 a
1775 2215 1933 2249 Remning

479 2267 672 2302 virtutibus
692 2267 837 2302 animae
852 2268 1050 2302 sensitivae
1065 2274 1343 2314 cognoscuntur.
1399 2267 1453 2302 Ut
1476 2267 1627 2312 quando
1652 2266 1759 2301 video
1775 2261 1911 2316 {md-

480 2323 666 2359 hominem
685 2330 901 2359 extraneum
926 2336 999 2360 non
1022 2336 1170 2371 possum
1195 2336 1261 2371 per
1281 2335 1427 2360 sensum
1455 2324 1641 2370 percipere
1658 2322 1760 2368 cujus

480 2381 526 2417 sit
549 2380 651 2422 filius,
681 2392 747 2416 nec
775 2382 822 2416 de
841 2393 914 2428 qua
938 2382 1088 2429 regione
1112 2384 1170 2423 sit.
1190 2394 1257 2418 nec
1283 2394 1354 2428 qua
1379 2382 1469 2417 hora
1490 2393 1556 2416 nec
1581 2392 1656 2428 quo
1678 2380 1760 2417 loco

482 2439 587 2475 suerit
604 2445 724 2482 natus,
741 2444 804 2474 aut
828 2440 1014 2484 quomodo
1032 2447 1192 2483 vocetur,
1212 2451 1256 2475 an
1277 2439 1405 2474 Petrus
1423 2450 1470 2474 an
1490 2439 1676 2474 Robertus
1686 2451 1696 2479 ς
1723 2444 1759 2474 et

482 2495 688 2542 hujusmodi
707 2495 848 2532 infinita
866 2502 959 2539 sunt,
977 2509 1072 2543 quae
1088 2498 1259 2534 accidunt
1270 2498 1430 2538 cuilibet,
1447 2498 1494 2532 de
1511 2496 1643 2542 quibus
1661 2496 1760 2532 nulla

480 2555 595 2591 virtus
614 2555 759 2590 animae
779 2555 973 2590 sensitivae
1000 2561 1124 2601 potest
1154 2554 1365 2595 certificare,
1396 2567 1463 2590 nec
1494 2559 1617 2599 potest
1647 2553 1760 2590 horno

481 2613 574 2649 scire
589 2612 779 2649 veritatem
797 2612 867 2647 nisi
883 2623 948 2658 per
966 2613 1183 2649 doctrinam.
1229 2613 1280 2649 Et
1294 2618 1419 2649 tamen
1435 2612 1470 2646 in
1483 2612 1645 2647 videndo
1658 2612 1759 2646 illum

519 2703 526 2719 ¹
546 2703 589 2730 cr.
605 2702 730 2731 mnu-ce.
745 2703 761 2731 ι
778 2711 839 2738 cap.
852 2711 914 2738 3-4.

517 2745 529 2762 ⁸
545 2755 626 2781 quae,
640 2746 679 2782 J.,
692 2746 788 2774 which
807 2748 906 2775 makes
925 2748 973 2775 the
992 2752 1130 2774 sentence
1145 2746 1223 2781 quite
1244 2744 1460 2780 unintelligible,
1474 2744 1512 2779 by
1526 2744 1694 2780 desemying
1710 2745 1760 2773 the

483 2794 610 2818 contr-nt
635 2791 770 2818 between
797 2791 846 2818 the
871 2795 931 2819 two
954 2791 1157 2825 acceptatione.
1181 2790 1213 2816 of
1230 2789 1379 2816 sensibilia
1399 2797 1451 2824 per
1467 2789 1608 2816 accidens.
1653 2789 1688 2816 0.
1707 2788 1760 2816 bu

482 2842 499 2868 q
518 2878 529 2894 ³
549 2877 614 2905 'rue
631 2878 749 2912 reading
768 2878 797 2905 in
815 2877 843 2912 J.
863 2878 888 2905 is
910 2878 1052 2913 quoniam,
1074 2877 1124 2904 hut
1143 2885 1228 2912 qnam
1248 2877 1274 2903 is
1299 2875 1416 2911 equally
1435 2875 1596 2903 eon-istem
1615 2875 1685 2902 with
1712 2875 1759 2903 the

485 2921 579 2954 MSS,
600 2922 657 2948 end
680 2922 730 2948 the
755 2926 894 2948 sentence
917 2922 1022 2948 uhould
1048 2922 1104 2948 end
1124 2921 1196 2947 with
1223 2924 1446 2955 cognoscuntur.
1485 2919 1513 2946 Α
1538 2926 1606 2946 new
1625 2919 1711 2946 order
1732 2919 1765 2946 os

483 2965 629 2993 sensibilia
641 2973 695 3000 per
706 2965 838 2993 accidens
852 2965 877 2993 is
889 2965 1068 2998 introduced,
1082 2964 1230 2998 requiring
1243 2963 1352 2991 further
1365 2962 1497 2997 ennlysis,
