2350 3580
620 714 838 747 'GRcH-IS
864 714 1190 747 PHILOSOPHIA
1202 728 1215 745 .·
1252 714 1380 747 PARS
1410 714 1593 747 TERTIA.
1677 722 1746 758 327

469 802 535 848 qni
552 810 729 850 rogantur
742 804 947 840 facillimos.
998 804 1095 839 lund
1120 811 1275 850 uterque
1298 810 1444 850 spectat
1467 812 1620 850 propter
1642 804 1743 850 quod

470 865 620 906 tempus
634 863 792 908 petitum
808 869 877 904 est,
894 863 1014 907 ipsum
1031 863 1182 907 quidem
1199 869 1344 898 neuter:
1368 863 1476 908 quasi
1494 863 1582 898 nihil
1596 863 1744 908 petitur.

469 919 576 963 φης’
605 919 695 954 nihil
722 920 834 955 datur
860 930 918 954 res
947 920 1114 955 omnium
1139 921 1411 965 pretiosissima.
1434 920 1583 955 luditur.
1634 919 1742 955 Fallit

469 981 595 1011 autem
611 987 677 1012 ens
686 977 775 1022 quia
788 989 846 1013 res
857 976 1112 1022 incorporalis·
1126 984 1196 1019 est,
1205 979 1293 1023 quia
1308 979 1379 1013 sub
1392 977 1520 1013 oculos
1533 988 1606 1012 non
1618 975 1742 1013 venit?

470 1058 480 1066 .
497 1059 508 1067 .
524 1060 536 1068 .
551 1033 755 1069 At‘nemo
778 1035 951 1069 aefimat
974 1041 1132 1081 tempus.
1183 1031 1386 1083 [utuntur]
1412 1035 1477 1070 illo
1500 1035 1622 1071 laxius
1638 1035 1742 1080 quasi

467 1092 643 1137 gratuito.
672 1092 731 1127 At
745 1092 896 1127 eosdem
913 1103 1047 1137 aegros
1061 1093 1148 1128 vide
1164 1092 1195 1127 si
1212 1092 1341 1127 mortis
1357 1092 1559 1138 periculum
1576 1093 1744 1139 proprius

467 1155 525 1183 est
564 1149 773 1189 admotum,
805 1150 1033 1184 medicorum
1068 1160 1190 1195 genua
1230 1155 1425 1195 tangentes
1440 1161 1450 1188 ;
1498 1150 1529 1185 si
1571 1156 1742 1185 metuunt

467 1206 627 1252 mpitale
641 1207 875 1253 supplicium,
886 1208 1012 1243 omnia
1027 1212 1069 1242 ut
1081 1208 1207 1243 vivant
1221 1214 1370 1252 paratos
1387 1208 1616 1253 impendere;
1637 1213 1742 1243 tanta

468 1262 508 1299 in
524 1262 595 1299 iuis
609 1264 795 1299 discordia
810 1264 1009 1299 affectuum
1024 1270 1094 1300 est.
1127 1263 1271 1309 Quodsi
1288 1271 1414 1310 posset
1425 1265 1741 1310 quemadmodum

468 1322 750 1366 praeteritorum
765 1332 947 1356 annorum
963 1322 1143 1368 cujusque
1159 1333 1332 1357 numerus
1349 1323 1518 1368 proponi,
1533 1323 1585 1358 sic
1603 1322 1741 1358 sutum-

467 1389 563 1420 rum,
575 1379 766 1424 quomodo
788 1379 841 1414 illi
859 1380 924 1425 qui
944 1390 1084 1425 paucos
1099 1379 1265 1417 viderent
1287 1390 1488 1425 superesse
1505 1380 1742 1425 trepidarent.

467 1436 656 1481 quomodo
679 1436 753 1471 illis
776 1443 967 1482 parcerent
980 1440 996 1471 ?
1044 1436 1164 1482 Atqui
1186 1435 1291 1472 facile
1307 1444 1363 1472 est
1378 1438 1548 1483 quamvis
1562 1438 1740 1482 exiguum

468 1493 678 1539 dispensare
692 1495 795 1539 quod
811 1500 951 1529 certum
967 1500 1042 1529 est:
1067 1494 1105 1529 id
1122 1494 1235 1530 debet
1251 1495 1386 1529 servari
1402 1494 1624 1540 diligentius,
1639 1494 1740 1540 quod

468 1551 610 1587 noec'ns
623 1552 773 1597 quando
791 1550 961 1587 deficiat:

516 1608 735 1655 ‘Impendio
764 1609 862 1644 vitae
894 1609 1008 1645 vitam
1043 1609 1237 1644 instruunt.
1299 1609 1553 1655 Cogitationes
1585 1620 1671 1645 suas
1703 1609 1739 1644 in
1755 1616 1824 1653 esp.
1838 1624 1865 1651 ς.

468 1665 619 1712 longum
635 1667 818 1702 ordinant.
875 1666 1043 1702 Maxima
1058 1677 1169 1713 porro
1185 1666 1284 1702 vitae
1297 1667 1441 1716 jactura
1456 1666 1585 1702 dilatio
1600 1672 1657 1702 est
1674 1693 1682 1701 .
1701 1693 1710 1701 .
1729 1693 1738 1702 .

467 1723 530 1758 illa
561 1723 671 1769 eripit
703 1725 920 1771 praesentia,
951 1725 1042 1759 dum
1076 1723 1249 1759 ulteriora
1280 1724 1472 1770 promittit.
1530 1723 1738 1759 Maximum

464 1781 612 1816 vivendi
636 1781 940 1826 impedimentum
963 1787 1020 1816 αι
1044 1782 1266 1826 expectatio,
1285 1792 1381 1828 quae
1406 1782 1542 1827 pendet
1567 1792 1615 1816 ex
1640 1792 1739 1816 cras·

465 1838 558 1882 tino,
574 1839 692 1884 perdit
709 1838 950 1874 hodiernum:
975 1839 1075 1884 quod
1098 1839 1134 1873 in
1162 1850 1273 1874 manu
1295 1839 1461 1874 fortunae
1486 1839 1646 1885 positum
1671 1843 1739 1879 est.

466 1896 650 1941 disponis;
665 1896 766 1941 quod
780 1896 817 1931 in
833 1902 906 1938 tua,
919 1897 1088 1931 dimittis.
1126 1896 1213 1942 Quo
1229 1902 1385 1943 spectas,
1396 1907 1472 1943 quo
1490 1903 1526 1931 te
1546 1896 1738 1931 extendis?

466 1953 593 1989 omnia
622 1964 717 1999 quae
742 1959 900 1989 ventura
924 1959 1021 1996 sunt,
1047 1954 1084 1988 in
1112 1954 1252 1989 incerto
1282 1953 1428 1999 jacent:
1454 1954 1618 1999 protinus
1645 1953 1737 1988 vive.

467 2010 615 2046 clamat
631 2009 742 2046 ecce¹
759 2012 946 2047 maximus
958 2017 1072 2046 vates.
1092 2037 1101 2045 .
1121 2038 1129 2046 .
1146 2037 1157 2045 .
1172 2010 1320 2056 Optima
1335 2022 1491 2057 quaeque
1505 2010 1582 2046 dies
1598 2011 1741 2047 multer-125

466 2069 681 2104 mortalibus
695 2069 782 2104 aevi
795 2069 932 2104 Prima
937 2068 1064 2115 fugit?

515 2124 637 2172 ‘Quid
663 2130 812 2162 cessas?
829 2127 917 2162 ἀἰεί
946 2137 1115 2172 occupas,
1146 2126 1250 2172 sugit.
1312 2126 1361 2161 Et
1390 2136 1475 2162 cum
1505 2125 1738 2171 occupaveris

466 2187 592 2219 tamen
610 2183 736 2230 fugiet.
773 2184 903 2230 ltaque
916 2195 1001 2220 cum
1015 2184 1202 2220 celeritate
1218 2184 1393 2230 temporis
1406 2183 1532 2218 utendi
1544 2182 1737 2218 velocitate

466 2241 684 2276 certandum
700 2247 758 2277 est
776 2267 784 2276 .
804 2267 813 2276 .
832 2267 842 2277 .
861 2241 944 2277 Hoc
956 2252 1106 2288 quoque
1119 2241 1363 2287 pulcherrime
1379 2242 1426 2277 ad
1441 2240 1736 2286 exprobrandam

466 2298 647 2334 infinitam
665 2299 939 2344 cogitationem,
955 2300 1055 2346 quod
1074 2310 1147 2334 non
1163 2300 1343 2345 optimam
1360 2308 1545 2344 quamque
1566 2302 1737 2340 aetatem,

465 2356 531 2391 sed
549 2359 567 2373 ¹⁸
580 2356 679 2392 diem
692 2354 712 2368 '’
728 2355 837 2392 dicit·
859 2362 996 2406 poeta..
1031 2359 1039 2374 ¹
1052 2356 1112 2392 De
1133 2357 1195 2391 die
1214 2362 1338 2391 tecum
1359 2356 1531 2401 loquitur.
1547 2359 1586 2390 et
1602 2356 1650 2390 de
1667 2353 1736 2389 hoc

466 2412 549 2459 ipso
577 2413 749 2459 fugiente.
799 2413 884 2449 Non
913 2414 1066 2449 dubium
1093 2419 1150 2449 est
1183 2424 1271 2459 ergo
1302 2412 1391 2459 quin
1426 2412 1542 2458 prima
1569 2422 1738 2457 quaeque

466 2470 610 2517 optima
649 2471 729 2506 dies
770 2471 886 2517 fugiat
927 2471 1144 2507 mortalibus
1179 2470 1328 2510 miseris,
1364 2470 1400 2505 id
1439 2475 1505 2510 est.
1539 2469 1737 2515 occupatis,

464 2538 624 2573 quorum
652 2527 810 2574 pueriles
838 2528 958 2564 adhuc
982 2528 1125 2564 animos
1149 2533 1317 2564 senectus
1341 2527 1529 2573 opprimit,
1554 2526 1601 2562 ad
1625 2537 1737 2572 quam

467 2584 639 2630 imparati
664 2585 893 2631 inermesque
919 2585 1144 2631 perveniunt.
1196 2584 1298 2620 Nihil
1323 2584 1423 2619 enim
1449 2584 1632 2629 provisum
1657 2588 1736 2619 est:

463 2642 590 2678 subito
614 2642 651 2677 in
676 2641 777 2678 illam
804 2653 870 2678 nec
887 2643 1081 2689 opinantes
1106 2640 1330 2678 inciderunt!

514 2698 688 2735 ‘Solebat
714 2699 836 2735 dicere
867 2699 1064 2742 Fabianus,
1092 2710 1166 2735 non
1195 2710 1244 2735 ex
1274 2699 1330 2734 his
1356 2698 1593 2734 cathedrariis
1620 2697 1735 2744 philo·
1750 2704 1821 2742 cip.
1838 2710 1879 2735 m

463 2755 606 2802 sophis,
622 2756 689 2792 sed
714 2767 762 2792 ex
782 2757 880 2793 veris
903 2763 942 2794 et
966 2757 1139 2802 antiquis,
1157 2756 1295 2794 Contra
1318 2755 1470 2791 affectus
1496 2755 1646 2801 impetu,
1664 2766 1735 2790 non

449 2813 679 2855 'subtilitate
703 2814 964 2861 pugnandum3
999 2825 1067 2850 nec
1092 2814 1244 2851 minutis
1267 2812 1476 2850 vulneribus
1501 2812 1565 2848 sed
1590 2813 1734 2848 incursu

572 2939 583 2956 ¹
600 2939 839 2976 incomparabilis,
853 2940 889 2968 D.
1299 2937 1310 2955 ¹
1328 2939 1481 2973 quomodo,
1496 2937 1535 2966 D.
1546 2941 1576 2965 et
1589 2936 1625 2966 0.
