2350 3580
612 709 676 754 ¹³⁶
851 709 1026 745 OPERIS
1051 709 1263 749 uAJoms
1289 709 1417 744 PARS
1444 709 1635 751 QUINTA.

607 797 700 832 visio
725 808 791 846 per
815 797 1028 844 hujumodi
1052 797 1270 846 ingressum,
1293 797 1359 835 sed
1384 797 1504 834 solum
1530 797 1657 835 transit
1678 808 1745 844 per
1759 808 1889 843 super-

609 855 727 891 ficiem
746 854 883 902 speculi
902 866 1018 902 usque
1034 856 1081 891 ad
1101 855 1298 891 terminum
1311 855 1523 891 reflexionis
1541 856 1576 891 in
1593 862 1698 901 parte
1713 855 1888 901 opposita

608 911 655 948 ad
675 911 933 958 aequalitatem
957 911 1174 959 angulorum
1199 912 1415 950 incidentiae
1441 919 1479 949 et
1502 911 1724 948 reflexione.
1776 910 1889 948 Unde

608 980 684 1006 non
701 970 846 1006 videtur
870 969 970 1006 iocus
991 970 1162 1018 imaginis
1185 981 1265 1007 esse
1290 971 1326 1006 in
1352 970 1608 1017 conjunctione
1634 970 1722 1006 radii
1737 968 1889 1005 visualis

608 1038 692 1064 cum
737 1028 888 1063 catheto
929 1032 1082 1074 propter
1114 1029 1310 1064 veritatem
1346 1029 1565 1064 existentiae
1605 1028 1685 1073 ejus
1726 1027 1788 1066 ibi.
1821 1027 1887 1062 sed

610 1089 761 1131 propter
777 1086 1032 1131 apparentiam
1057 1091 1212 1121 tantum.

424 1150 566 1188 Sphenmt
661 1141 712 1178 Et
746 1142 781 1178 in
815 1142 1012 1189 sphaericis
1041 1143 1152 1179 etiam
1188 1149 1296 1179 extra
1324 1143 1448 1190 politis
1476 1142 1676 1179 secundum
1707 1142 1888 1188 judicium

426 1194 527 1214 ‘'⁰⁸¹⁹‘'
609 1200 710 1236 visus
725 1205 880 1246 apparet
907 1211 963 1237 res
989 1201 1024 1235 in
1052 1211 1228 1237 concursu
1255 1201 1347 1237 radii
1372 1200 1521 1237 visualis
1546 1211 1629 1235 cum
1655 1199 1752 1235 linea
1776 1200 1889 1235 ducta

610 1268 634 1292 a
661 1267 702 1292 re
731 1258 768 1292 in
799 1263 966 1293 nentrum
999 1258 1188 1304 sphaerae,
1216 1259 1279 1304 qui
1308 1269 1505 1294 concursus
1535 1262 1657 1303 potest
1685 1268 1766 1292 esse
1783 1257 1889 1293 ultra

610 1313 812 1361 speculum,
827 1314 885 1351 vel
902 1314 1010 1357 intra,
1027 1314 1083 1351 vel
1105 1315 1141 1350 in
1163 1314 1356 1363 superficie
1374 1315 1521 1362 speculi.
1573 1314 1623 1351 Et
1647 1314 1700 1351 sic
1724 1313 1889 1361 intellige

609 1372 646 1406 in
666 1372 866 1407 columnari
889 1377 926 1407 et
951 1373 1185 1419 pyramidali.
1235 1372 1376 1410 Omnes
1401 1378 1525 1408 autem
1552 1383 1690 1408 errores
1713 1372 1778 1419 qui
1804 1379 1889 1407 sunt

609 1430 646 1465 in
671 1430 799 1476 planis,
817 1431 986 1466 accidunt
1012 1435 1050 1466 et
1076 1431 1110 1466 in
1137 1431 1323 1472 convexis,
1342 1435 1380 1465 et
1404 1430 1538 1477 plures,
1563 1431 1649 1476 quia
1674 1430 1710 1465 in
1736 1430 1792 1465 his
1819 1429 1888 1465 fre-

608 1492 763 1534 quenter
787 1499 843 1523 res
868 1488 946 1524 visa
971 1494 1126 1534 apparet
1154 1489 1272 1524 minor
1296 1501 1407 1534 quam
1434 1489 1505 1532 sit;
1538 1488 1738 1533 aliquando
1763 1493 1888 1522 tamen

608 1544 772 1591 aequalis
790 1544 846 1581 vei
866 1545 992 1591 major,
1012 1545 1077 1581 sed
1097 1545 1290 1582 rarissime.
1339 1545 1463 1582 Minor
1478 1551 1603 1581 autem
1622 1550 1777 1592 apparet
1795 1544 1889 1586 ideo,

608 1602 695 1648 quia
721 1602 841 1637 minor
863 1608 920 1637 est
940 1603 1099 1638 latitudo
1117 1603 1323 1650 superficiei
1345 1603 1483 1650 specuii
1506 1614 1530 1637 a
1554 1613 1627 1648 qua
1654 1601 1889 1637 reflectuntur

611 1658 701 1695 radii
726 1659 772 1694 ad
799 1661 946 1696 oculum
970 1666 1225 1697 concurrentes
1249 1672 1359 1707 quam
1383 1661 1421 1696 in
1445 1661 1603 1706 speculis
1628 1659 1773 1706 planis;
1798 1658 1888 1694 radii

611 1717 708 1752 enim
730 1715 857 1752 reflexi
875 1728 898 1752 a
914 1728 1081 1754 convexo
1098 1718 1219 1765 magis
1235 1718 1490 1765 disgregantur
1510 1728 1621 1764 quarn
1646 1728 1668 1752 a
1685 1716 1798 1763 plano
1814 1727 1823 1760 ;
1848 1723 1889 1752 ut

423 1224 544 1251 minore.

613 1785 700 1820 ergo
725 1774 760 1809 in
786 1775 866 1810 visu
892 1782 1037 1812 currant
1063 1776 1157 1812 sicut
1183 1788 1205 1812 a
1231 1776 1354 1823 piano,
1381 1782 1529 1823 oportet
1552 1775 1653 1820 quod
1683 1786 1704 1809 a
1734 1774 1888 1809 breviori

613 1831 803 1878 superficie
823 1832 886 1867 fiat
906 1832 1057 1868 reflexio
1074 1844 1185 1878 quam
1203 1844 1226 1868 a
1243 1833 1365 1880 piano.
1429 1833 1734 1878 Repraesentatio
1764 1837 1887 1867 autern

613 1887 699 1925 idoli
728 1889 892 1935 sequitur
921 1891 1170 1926 conditionem
1203 1891 1465 1926 reverberantis
1494 1889 1706 1935 superficiei.
1759 1888 1807 1924 ln
1833 1888 1889 1924 his

613 1957 699 1992 crgo
715 1946 872 1992 speculis
891 1958 986 1992 pene
1008 1947 1097 1984 nihii
1123 1954 1275 1994 apparet
1300 1948 1501 1983 secundum
1525 1948 1624 1992 quod
1647 1952 1715 1990 est,
1733 1951 1889 1991 excepta

610 2004 839 2038 ordinatione
857 2005 1027 2050 partium,
1043 2016 1139 2050 quae
1157 2005 1241 2041 talis
1259 2012 1314 2040 est
1339 2005 1374 2039 in
1400 2005 1550 2051 speculo
1567 2005 1662 2040 sicut
1688 2004 1724 2039 in
1745 2015 1794 2039 re·
1847 2004 1887 2037 ln

613 2060 690 2097 istis
715 2066 813 2097 recta
838 2067 1017 2107 apparent
1041 2073 1173 2105 curva;
1210 2074 1292 2098 cum
1319 2062 1414 2098 enirn
1441 2061 1594 2098 reflexio
1616 2062 1666 2098 sit
1689 2061 1737 2097 ad
1763 2073 1889 2109 super-

615 2118 730 2153 ficiem
750 2130 953 2156 convexam
972 2119 1157 2156 radiorum
1174 2126 1439 2164 extremorum,
1450 2119 1597 2155 termini
1616 2119 1732 2165 magis
1749 2119 1887 2155 distant

613 2187 635 2211 a
652 2181 779 2211 centro
795 2176 890 2213 ocuti
908 2187 1019 2222 quam
1039 2178 1297 2213 extremitates
1315 2178 1405 2213 radii
1429 2177 1550 2219 medii,
1569 2182 1606 2212 et
1632 2177 1729 2222 quod
1754 2176 1887 2212 accidit

614 2233 649 2268 in
666 2234 903 2269 verticatione
917 2234 1103 2280 judicatur
1119 2235 1239 2271 inesse
1256 2236 1314 2271 rei.
1352 2235 1552 2270 Rarissime
1568 2240 1692 2270 tamen
1709 2234 1887 2280 contingit

613 2296 710 2327 recta
728 2301 906 2337 apparere
929 2298 1039 2333 recta,
1057 2292 1208 2338 quando
1230 2292 1367 2329 scilicet
1385 2292 1483 2328 visus
1507 2291 1613 2327 suerit
1638 2291 1674 2327 in
1697 2291 1889 2338 superficie

614 2349 648 2382 in
679 2359 752 2394 qua
772 2354 857 2383 sunt
883 2349 979 2384 linea
1003 2349 1079 2384 visa
1103 2355 1140 2385 et
1161 2355 1328 2385 centrum
1353 2349 1541 2397 sphaerae.
1589 2349 1705 2394 ¹Cujus
1735 2349 1889 2384 demon·

614 2407 741 2441 stratio
757 2407 1014 2442 mathematica
1028 2406 1195 2442 diffusior
1205 2413 1262 2444 est
1274 2419 1385 2453 quam
1401 2407 1450 2442 sit
1464 2418 1558 2442 nunc
1576 2417 1669 2452 opus
1680 2406 1701 2440 ¹.
1749 2407 1887 2442 Iterum

614 2463 827 2503 notandum,
846 2464 943 2510 quod
967 2464 1003 2499 in
1029 2464 1188 2510 speculis
1205 2464 1379 2501 convexis
1399 2465 1516 2500 minor
1530 2470 1585 2500 est
1603 2463 1778 2499 distantia
1800 2463 1887 2499 idoli

613 2531 635 2555 a
655 2521 806 2568 speculo
826 2532 939 2570 quarn
967 2522 1014 2557 rei
1040 2522 1151 2564 visae,
1168 2533 1253 2558 cum
1279 2529 1401 2559 tamen
1426 2522 1463 2558 in
1489 2521 1607 2569 planis
1633 2522 1679 2556 sit
1704 2521 1889 2567 aequalis:

613 2578 715 2623 cujus
736 2589 846 2613 causa
870 2585 937 2622 est,
954 2579 1041 2624 quia
1065 2580 1102 2615 in
1128 2580 1303 2615 convexis
1325 2581 1436 2615 citius
1461 2579 1644 2615 concurrit
1660 2579 1783 2614 radius
1805 2590 1889 2613 cum

613 2635 759 2672 catheto
777 2646 888 2682 quam
908 2637 944 2671 in
963 2636 1092 2683 planis,
1110 2643 1150 2673 ut
1169 2643 1271 2683 patet
1290 2638 1496 2683 inquirenti.

428 2700 540 2726 eoam
662 2692 705 2729 In
729 2693 1001 2730 columnarihus
1019 2700 1124 2730 extra
1142 2695 1268 2741 politis
1284 2695 1381 2731 idem
1399 2706 1498 2731 error
1514 2695 1645 2732 accidit
1663 2695 1726 2741 qui
1749 2695 1787 2730 in
1804 2706 1889 2731 con-

427 2735 585 2799 ξίιξξξξωι
613 2751 718 2786 vexis
734 2751 941 2796 sphaericis,
959 2757 994 2786 et
1014 2751 1145 2797 plures.
1190 2752 1233 2789 In
1254 2753 1310 2789 his
1327 2753 1423 2789 enim
1445 2764 1501 2789 res
1515 2753 1593 2790 visa
1612 2753 1719 2797 longe
1736 2758 1889 2799 apparet

649 2883 658 2900 ¹
671 2872 744 2911 *One
758 2883 791 2911 os
799 2892 886 2918 many
899 2885 1070 2913 indicatione
1083 2886 1144 2914 thet
1158 2886 1208 2914 the
1221 2886 1291 2914 iimit
1304 2887 1336 2914 ot
1352 2887 1474 2915 Bucon's
1487 2887 1694 2915 mathematical
1705 2887 1891 2916 attainrnents

616 2927 640 2955 is
653 2931 704 2955 not
718 2932 747 2955 to
760 2927 796 2955 be
808 2927 921 2955 defined
936 2927 973 2963 by
988 2929 1037 2956 the
1051 2929 1130 2965 Opus
1142 2930 1247 2966 unfus.
