2350 3580
644 737 1011 772 PERSPECTIVAE
1037 737 1165 771 PARS
1191 737 1346 770 PRIMA
1359 749 1371 770 .-
1407 737 1527 771 Dlsr.
1555 738 1615 771 IX.
1720 735 1767 781 65

489 827 606 864 rarior
629 839 743 875 quam
771 833 879 865 extra
903 839 1031 864 casum
1057 827 1158 868 lucis.
1181 828 1268 876 quia
1293 827 1361 864 lux
1387 827 1555 864 rarefacit
1581 839 1702 865 aerem
1726 832 1768 864 ut

488 891 640 931 generat
664 886 846 928 calm-erm
879 886 980 922 mlor
1003 886 1102 921 enim
1128 896 1202 921 non
1226 891 1421 932 generatur
1443 886 1512 921 nisi
1537 897 1586 921 ex
1610 885 1767 922 rarefac-

488 944 601 979 tione.
651 943 704 980 Et
719 943 779 979 hic
799 943 911 989 aliqui
928 943 1048 980 conati
1065 949 1152 980 sunt
1171 942 1374 988 ostendere,
1389 943 1491 989 quod
1507 942 1672 980 densitas
1693 955 1767 980 non

489 1001 651 1047 exigitur
675 1001 712 1037 in
736 1001 950 1047 corporibus
972 1000 1174 1042 luminosis,
1201 1001 1299 1037 unde
1323 1001 1521 1038 aestimant
1543 1001 1669 1038 stellas
1693 1011 1767 1037 non

489 1069 570 1094 esse
594 1059 736 1102 densas,
754 1059 850 1094 sicut
875 1070 939 1094 nec
963 1058 1082 1094 orbes.
1132 1057 1210 1094 Sed
1233 1062 1386 1104 propter
1410 1059 1564 1094 nimium
1589 1058 1767 1106 fulgorem

489 1114 582 1150 lucis
605 1116 731 1152 dicunt
755 1116 857 1162 quod
880 1117 979 1151 visus
1005 1127 1079 1152 non
1104 1120 1231 1162 potest
1254 1127 1319 1151 eos
1341 1120 1541 1161 penetrare,
1561 1117 1627 1152 sed
1652 1127 1769 1152 rever-

490 1173 639 1209 bei-atur
653 1178 719 1210 aut
735 1172 859 1209 deficit
876 1184 926 1209 ωε.
941 1173 1131 1210 nimietate
1146 1172 1364 1219 splendoris.
1399 1172 1626 1220 Exemplum
1643 1178 1769 1210 autem

490 1232 539 1265 de
555 1232 659 1266 radio
677 1231 832 1268 mdeste
848 1242 915 1279 per
932 1230 1129 1267 fenestram
1150 1231 1305 1267 solvitur
1325 1230 1522 1274 evidenter,
1537 1237 1579 1268 ut
1603 1231 1767 1276 superius

490 1293 631 1324 tactum
654 1292 720 1324 est.
772 1290 870 1324 Nam
897 1301 969 1324 non
990 1294 1046 1325 est
1070 1289 1118 1325 de
1139 1300 1180 1324 se
1199 1289 1339 1324 visibile
1361 1300 1429 1325 nec
1447 1289 1567 1324 visum
1587 1289 1769 1331 terminat,

489 1347 555 1383 sed
586 1347 739 1382 densum
769 1347 1009 1382 circumstans
1037 1347 1211 1382 terminat
1235 1346 1363 1389 visum,
1386 1351 1424 1382 et
1453 1356 1530 1382 non
1558 1347 1702 1382 radius:
1737 1346 1768 1382 si

490 1404 587 1440 enim
614 1415 686 1439 non
712 1409 810 1440 esset
834 1404 989 1440 densum
1015 1403 1112 1440 ultra
1137 1403 1240 1439 inum
1265 1414 1341 1440 non
1363 1404 1558 1445 videretur,
1583 1404 1676 1440 sicut
1701 1414 1769 1440 nec

489 1473 555 1499 aer
579 1461 721 1496 lucidus
747 1465 856 1496 extra
880 1462 1033 1503 videtur,
1058 1461 1125 1496 nisi
1154 1472 1221 1507 per
1248 1461 1470 1497 densitatem
1496 1461 1589 1497 coeli
1617 1461 1770 1507 alicujus

489 1521 718 1556 terminetur.
758 1520 917 1555 Accedit
937 1526 1060 1555 tamen
1082 1520 1130 1554 ad
1150 1519 1327 1565 majorem
1352 1519 1630 1555 sensibilitatem
1651 1530 1715 1555 aer
1732 1520 1770 1554 in

493 1576 659 1619 fenestra,
675 1577 761 1623 quia
782 1582 990 1614 coarctatur
1008 1577 1045 1613 in
1067 1576 1185 1623 figura
1205 1576 1450 1613 determinata
1470 1582 1623 1623 propter
1646 1582 1772 1623 partes

493 1634 686 1675 fenestrae,
717 1639 756 1670 et
779 1641 916 1671 terram
948 1635 997 1671 ad
1026 1645 1139 1681 quam
1164 1635 1275 1670 cadit.
1327 1634 1413 1669 Non
1439 1639 1494 1669 est
1518 1645 1607 1681 ergo
1630 1633 1772 1671 visibile

493 1693 560 1727 nisi
577 1693 792 1728 secundario
810 1697 847 1728 et
865 1703 939 1728 non
957 1693 1087 1738 primo,
1104 1703 1172 1727 nec
1190 1697 1246 1727 est
1264 1691 1406 1727 visibile
1423 1693 1471 1728 de
1492 1703 1567 1737 quo
1589 1692 1772 1738 loquimur

492 1751 573 1786 hoc.
591 1751 691 1796 quod
710 1749 846 1787 scilicet
858 1755 981 1797 potest
991 1751 1039 1786 de
1050 1762 1090 1786 se
1101 1750 1230 1786 debita
1241 1750 1419 1786 distantia
1432 1749 1552 1786 visum
1563 1751 1769 1786 terminare.

493 1808 546 1844 Et
569 1807 664 1845 sicut
688 1807 796 1854 hujus
819 1808 982 1854 exempli
1008 1807 1195 1843 intellectu
1220 1807 1296 1854 jam
1324 1807 1463 1843 salsitas
1487 1813 1693 1849 evacuatur,
1718 1808 1771 1844 sic

493 1871 640 1912 oportet
657 1866 705 1900 de
722 1865 787 1900 illo
801 1866 902 1912 quod
919 1865 1139 1900 confirmant
1157 1876 1223 1910 per
1234 1866 1311 1908 jam
1334 1865 1474 1900 dictum
1492 1864 1705 1911 exemplum
1721 1866 1770 1901 de

492 1924 706 1970 corporibus
722 1923 920 1959 luminosis.
969 1923 1068 1958 Nam
1092 1928 1291 1968 postquam
1308 1923 1531 1958 antecedens
1546 1922 1681 1958 falsum
1703 1927 1772 1965 est,

494 1993 569 2017 non
593 1986 741 2027 oportet
764 1980 866 2028 quod
882 1980 1053 2016 credatur
1068 1979 1363 2026 consequentiae.
1413 1979 1590 2027 Superius
1602 1979 1615 2000 ¹
1630 1990 1720 2016 vero
1735 1979 1773 2016 in

494 2038 765 2075 mathematicis
779 2038 1005 2074 declaratum
1023 2044 1080 2074 est
1094 2038 1195 2085 quod
1219 2038 1328 2074 orbos
1351 2049 1424 2074 non
1444 2044 1531 2074 sunt
1558 2038 1678 2080 lucidi,
1703 2038 1770 2074 sed

491 2096 599 2132 stella
623 2096 703 2132 sola
727 2101 879 2142 propter
902 2107 1007 2131 suam
1032 2096 1268 2139 densitatem,
1283 2101 1325 2131 ut
1351 2096 1441 2132 dicit
1457 2095 1652 2138 Averroes,
1675 2096 1771 2131 sicut

493 2154 543 2190 ibi
567 2159 736 2190 notatum
761 2159 829 2189 est.
880 2153 932 2188 Et
954 2154 1040 2189 licet
1064 2153 1200 2189 nimius
1221 2153 1342 2199 fulgor
1363 2153 1565 2189 confundat
1582 2154 1712 2196 visum,
1729 2159 1772 2190 ut

493 2217 597 2258 patet
620 2211 832 2258 aspiciendo
857 2211 903 2246 ad
930 2211 1045 2246 solem
1080 2211 1117 2246 in
1141 2221 1209 2246 sua
1241 2211 1408 2258 puritate,
1434 2217 1558 2247 tamen
1593 2211 1665 2248 hoc
1697 2221 1771 2247 non

492 2269 658 2305 excludit
681 2269 901 2305 densitatem
934 2268 1032 2311 solis,
1057 2268 1143 2314 quia
1174 2269 1340 2304 densitas
1365 2274 1423 2305 est
1447 2279 1558 2305 causa
1589 2267 1772 2305 illumina-

493 2326 616 2368 tionis,
646 2331 687 2361 ut
719 2326 810 2360 dicit
835 2324 1030 2369 Averroes,
1059 2331 1170 2371 atque
1204 2325 1291 2360 luna
1323 2331 1361 2361 et
1394 2325 1523 2361 stellae
1555 2324 1654 2361 fixae
1685 2336 1770 2362 cum

492 2383 719 2430 aspiciuntur
735 2393 810 2418 non
828 2382 1057 2419 confundunt
1072 2382 1190 2418 visum
1208 2394 1258 2418 ex
1279 2383 1394 2418 nimio
1414 2382 1618 2430 splendore.
1671 2383 1772 2430 Ergo

493 2442 593 2477 visus
609 2440 816 2488 penetrabit
834 2451 908 2484 eas,
924 2440 992 2475 nisi
1010 2445 1107 2475 esset
1123 2441 1288 2475 densitas
1303 2451 1511 2487 corporum.

542 2500 606 2534 Ex
639 2499 710 2535 hoc
742 2504 867 2534 autem
906 2498 1067 2545 oepitulo
1101 2503 1204 2544 patet
1243 2499 1340 2533 bene
1380 2499 1637 2541 consideranti,
1669 2499 1772 2544 quod

493 2562 642 2603 oportet
658 2557 777 2592 visum
795 2555 872 2592 fieri
888 2567 952 2602 per
967 2567 1072 2592 suam
1085 2556 1247 2601 speciem
1259 2555 1393 2592 factam
1406 2557 1454 2592 ad
1468 2556 1623 2593 visibile.
1671 2557 1772 2592 Nam

493 2615 523 2650 si
565 2615 799 2661 perspicuum
848 2624 961 2650 unum
1002 2613 1253 2650 continuatum
1296 2614 1334 2649 in
1375 2613 1561 2660 superflua
1601 2614 1772 2650 distantia

493 2672 667 2708 terminat
684 2671 815 2712 visum,
832 2677 869 2706 et
888 2681 961 2706 non
982 2671 1156 2706 terminat
1179 2677 1331 2717 propter
1354 2671 1574 2706 densitatem
1596 2671 1772 2714 debitam,

493 2741 588 2776 quae
604 2729 807 2764 secundum
824 2740 863 2764 se
879 2729 928 2764 sit
950 2729 1130 2765 sensibilis
1154 2729 1190 2764 in
1214 2729 1314 2764 omni
1336 2730 1521 2771 distantia,
1536 2730 1601 2764 sed
1622 2735 1774 2776 propter

494 2786 723 2823 debilitatem
746 2786 881 2832 speciei
905 2785 1012 2830 visus,
1028 2797 1125 2833 quae
1154 2785 1280 2822 deficit
1300 2786 1347 2822 ad
1371 2786 1522 2823 nimiam
1545 2786 1773 2831 distantiam,

495 2872 758 2906 neuphyneomm·
781 2872 809 2898 in
830 2872 1017 2900 translatione
1038 2872 1174 2905 Boethii;
1196 2875 1227 2898 et
1247 2871 1411 2898 Hessolana
1427 2873 1635 2900 ειεωιιοωίσαι
1653 2873 1684 2900 ln
1701 2873 1774 2902 uba-o

494 2916 533 2943 de
549 2915 644 2985 ῗιιῗὶι
661 2914 740 2942 orbis
758 2918 788 2942 et
806 2919 1014 2946 commentator
1033 2914 1191 2942 Ptolemaei
1210 2923 1299 2951 super
1314 2914 1492 2950 Almsgestil

534 2959 539 2974 ¹
586 2966 604 2985 ο
615 2978 622 2986 .
637 2958 655 2985 i.
668 2966 695 2994 p.
708 2959 768 2986 ωδ.
