2350 3580
419 1443 464 1471 De
477 1443 543 1472 Vit-

420 1479 514 1512 Beata,

415 1523 476 1551 esp.
493 1523 517 1550 3.

408 2529 481 2565 cap.
494 2537 519 2564 4.

610 710 678 757 336
846 709 1019 745 OPERIS
1043 708 1253 749 MAJoRJS
1279 707 1405 742 PARS
1430 706 1650 741 SEPTIMA.

612 799 824 850 placemt'3
849 807 886 839 et
909 807 1054 839 caetera
1083 806 1194 848 prout
1216 800 1385 847 superius
1409 827 1419 837 .
1445 826 1454 836 .
1483 826 1490 835 .
1516 801 1525 818 ⁸
1541 799 1772 846 Quaeramus
1795 796 1885 845 quid

610 861 796 908 optimum
819 857 945 897 factu¹
970 859 1030 903 sit,
1055 869 1134 895 non
1157 858 1247 905 quid
1271 857 1561 899 usitatissimum,
1578 862 1615 894 et
1639 857 1728 904 quid
1752 867 1820 892 nos
1849 856 1884 891 in

613 911 842 966 possessione
876 916 1057 955 felicitatis
1090 916 1303 958 constituat,
1333 927 1405 952 non
1440 915 1530 962 quid
1566 915 1688 962 vulgo,
1715 915 1883 951 veritatis

610 976 770 1022 pessimo
790 975 988 1022 interpreti,
1006 975 1203 1021 probatum
1225 975 1274 1010 sit
1292 1000 1301 1008 .
1321 1000 1330 1008 .
1347 999 1356 1009 .
1376 972 1507 1010 Habeo
1532 973 1661 1010 melius
1686 979 1725 1010 et
1747 973 1885 1010 certius

610 1033 735 1070 lumen
759 1044 835 1080 quo
862 1045 886 1068 a
917 1031 1017 1068 salsIs
1041 1043 1127 1068 vera
1159 1031 1383 1078 dijudicem
1423 1031 1534 1068 animi
1567 1032 1707 1068 bonum
1736 1031 1883 1068 animus

610 1090 781 1127 inveniat.
835 1090 908 1126 Hic
939 1090 970 1126 si
1003 1089 1165 1137 unquam
1203 1089 1379 1134 respirare
1407 1089 1480 1125 iilic
1512 1093 1552 1125 et
1580 1089 1747 1126 recedere
1776 1089 1812 1125 in
1843 1100 1883 1124 se

608 1148 803 1189 vacaverit,
830 1159 853 1183 o
877 1158 988 1193 quam
1017 1147 1088 1183 sibi
1119 1147 1198 1194 ipse
1221 1158 1347 1182 verum
1374 1151 1492 1183 tortus
1522 1159 1545 1182 a
1573 1158 1614 1183 se
1638 1147 1814 1183 fatebitur
1838 1158 1880 1182 ac

607 1205 717 1249 dicet,
741 1204 927 1252 Quicquid
952 1204 1019 1241 feci
1043 1203 1176 1248 adhuc,
1202 1204 1374 1241 iniectum
1400 1216 1481 1241 esse
1505 1204 1654 1241 mallem
1681 1230 1689 1240 .
1717 1231 1727 1240 .
1754 1231 1763 1241 .
1786 1203 1883 1240 Mihi

606 1263 675 1310 ipsi
701 1263 866 1300 nondum
892 1262 1030 1298 amicus
1054 1273 1137 1296 sum
1155 1284 1165 1294 .
1184 1285 1192 1294 .
1212 1288 1219 1296 .
1243 1261 1321 1298 Ista
1345 1273 1441 1309 quae
1464 1268 1685 1309 spectantur,
1710 1262 1759 1299 ad
1785 1273 1881 1309 quae

606 1320 829 1365 consistitur,
859 1331 954 1366 quae
981 1320 1075 1355 alter
1099 1319 1205 1355 alteri
1230 1325 1381 1365 stupens
1407 1325 1598 1363 monstrat,
1629 1320 1716 1356 foris
1749 1321 1880 1363 nitent,

606 1379 784 1414 introrsus
802 1379 932 1414 misera
948 1383 1043 1413 sunt‘

657 1434 906 1482 “Quaeramus
928 1434 1068 1481 aliquid
1085 1445 1159 1470 non
1176 1435 1214 1470 in
1232 1426 1392 1481 specie'm
1412 1435 1561 1479 bonum,
1581 1434 1825 1472 sed‘soiidum
1843 1440 1880 1471 et

605 1493 757 1538 aequale
772 1499 810 1528 et
826 1504 849 1528 a
865 1493 1059 1528 secretiore
1076 1499 1181 1538 parte
1204 1492 1399 1528 formosius
1417 1519 1425 1528 .
1447 1519 1454 1528 .
1472 1520 1478 1529 .
1498 1504 1565 1530 nec
1582 1493 1690 1541 longe
1716 1493 1876 1539 positum

608 1547 724 1600 [est];
764 1550 978 1586 invenietur.
1043 1549 1146 1585 Scire
1192 1555 1336 1586 tantum
1380 1562 1474 1597 opus
1514 1555 1570 1586 est
1609 1562 1685 1597 quo
1727 1562 1876 1586 manum

606 1609 770 1654 porrigas
786 1623 795 1651 ;
821 1618 917 1643 nunc
941 1606 1041 1643 velut
1059 1607 1097 1643 in
1119 1607 1281 1643 tenebris
1303 1609 1423 1644 vIcina
1443 1609 1636 1645 transimus
1654 1634 1662 1644 .
1681 1634 1689 1644 .
1708 1634 1717 1644 .
1736 1607 1812 1645 Sed
1833 1618 1878 1644 ne

604 1672 641 1702 te
658 1677 724 1713 per
739 1665 908 1702 circuitus
926 1665 1070 1702 traham
1090 1692 1097 1699 .
1119 1692 1125 1701 .
1148 1691 1154 1698 .
1174 1676 1294 1702 rerum
1316 1671 1465 1702 naturae
1483 1667 1672 1703 assentior.
1723 1665 1787 1702 Ab
1813 1665 1876 1701 illa

605 1734 677 1759 non
717 1724 886 1758 deerrare
927 1728 966 1758 et
1006 1723 1052 1758 ad
1104 1723 1201 1758 illius
1242 1722 1361 1769 legem
1401 1723 1687 1770 exemplumque
1728 1723 1876 1758 formari

602 1782 781 1827 sapientia
806 1786 872 1816 est.
923 1780 1039 1815 'Beata
1065 1785 1121 1815 est
1145 1791 1236 1831 ergo
1252 1781 1327 1816 vita
1352 1782 1567 1817 conveniens
1592 1787 1743 1818 naturae
1767 1792 1877 1823 suam

602 1849 699 1885 quae
717 1849 790 1879 non
806 1838 910 1874 aliter
928 1837 1139 1884 contingere
1156 1843 1289 1884 potest,
1305 1850 1418 1885 quam
1439 1839 1469 1874 si
1487 1839 1643 1886 primum
1661 1851 1752 1875 sana
1772 1849 1876 1874 mens

601 1901 657 1931 est
675 1896 766 1931 etin
783 1901 961 1942 perpetua
986 1893 1219 1943 possessione
1243 1896 1410 1931 sanitatis
1432 1907 1532 1938 suae,
1547 1897 1681 1932 deinde
1704 1896 1807 1931 fortis
1833 1907 1876 1931 ac

599 1953 806 1996 vehemens,
841 1959 926 1988 tunc
960 1951 1205 1998 pulcherrima
1239 1957 1276 1988 et
1310 1951 1476 1999 patiens¹
1512 1959 1601 1999 apta
1636 1954 1876 1999 temporibus,

599 2011 764 2056 corporis
788 2010 843 2045 sui
866 2010 1200 2056 pertinentiumque
1221 2010 1268 2045 ad
1294 2010 1330 2046 id
1350 2010 1494 2057 puriosa
1524 2023 1597 2046 non
1621 2011 1757 2053 anxie3
1794 2016 1874 2046 turn

599 2067 751 2102 aliarum
770 2078 888 2102 rerum
906 2078 1000 2114 quae
1019 2068 1132 2102 vitam
1159 2068 1340 2102 instruunt
1358 2067 1510 2113 diligens
1530 2069 1607 2103 sine
1629 2068 1874 2105 admiratione

597 2125 828 2171 cujusquam,
881 2136 990 2161 usura
1057 2124 1225 2160 fortunae
1283 2126 1502 2169 muneribus,
1552 2136 1627 2160 non
1685 2127 1871 2161 servitura.

601 2181 792 2228 Intelligis,
815 2182 957 2218 etiamsi
986 2193 1059 2218 non
1084 2181 1271 2232 adjiciam,
1296 2183 1396 2228 sequi
1423 2189 1638 2229 perpetuam
1669 2183 1873 2229 tranquilli·

599 2245 724 2283 tatem,
756 2240 977 2284 libertatem,
1010 2240 1171 2286 depulsis
1213 2240 1257 2275 iis
1294 2251 1387 2286 quae
1427 2247 1493 2276 aut
1534 2241 1676 2277 irritant
1709 2252 1776 2277 nos
1809 2247 1872 2277 aut

598 2299 775 2333 territant.
826 2298 861 2333 N
866 2309 926 2333 am.
951 2309 1017 2343 pro
1041 2297 1292 2343 voluptatibus
1319 2302 1356 2333 et
1385 2309 1452 2343 pro
1478 2298 1545 2333 iilis
1572 2309 1666 2344 quae
1692 2310 1805 2344 parva
1829 2310 1872 2335 ac

599 2353 739 2402 fragilia
781 2361 868 2390 sunt
894 2381 901 2389 .
928 2381 937 2391 .
963 2381 970 2390 .
999 2355 1127 2400 ingens
1168 2356 1343 2400 gaudium
1385 2355 1495 2397 subit,
1538 2356 1792 2392 inconcussum
1835 2362 1871 2391 et

597 2412 761 2459 aequale,
795 2418 872 2448 tum
907 2424 982 2459 pax
1014 2419 1051 2449 et
1088 2413 1283 2448 concordia
1316 2413 1430 2448 animi
1465 2420 1503 2449 et
1536 2414 1752 2459 magnitudo
1785 2423 1869 2449 cum

597 2469 899 2507 mansuetudine:

644 2519 657 2544 ¹⁵
670 2528 796 2563 Potest
830 2528 937 2562 aliter
977 2539 1123 2573 quoque
1165 2527 1308 2562 definiri
1350 2528 1485 2563 bonurn
1530 2534 1694 2563 nostrum
1736 2529 1867 2564 eadem

595 2585 783 2625 sententia,
801 2596 875 2620 non
895 2585 1023 2620 iisdem
1041 2585 1160 2620 verbis
1176 2611 1185 2619 .
1205 2611 1240 2630 .,.
1260 2583 1454 2620 Summum
1478 2585 1618 2620 bonum
1645 2591 1698 2621 est
1723 2586 1869 2622 animus

595 2642 744 2678 fortuita
761 2642 975 2689 despiciens,
988 2643 1121 2678 virtute
1139 2642 1255 2678 laetus
1272 2655 1280 2684 ;
1305 2649 1379 2684 aut.
1392 2643 1525 2696 invicta
1543 2643 1598 2678 vis
1614 2643 1736 2685 animi,
1749 2644 1869 2690 perita

594 2710 724 2741 rerum,
748 2699 892 2744 placida
921 2700 954 2734 in
981 2705 1064 2735 actu
1088 2711 1172 2735 cum
1201 2700 1427 2735 humanitate
1452 2700 1565 2735 multa
1592 2705 1629 2734 et
1649 2711 1867 2736 conversan-

595 2753 684 2792 tiun'i
701 2768 797 2792 cura.
849 2757 958 2793 Libet
983 2763 1020 2793 et
1043 2757 1093 2793 ita
1118 2757 1234 2800 finire,
1252 2763 1294 2793 ut
1316 2758 1465 2793 beatum
1494 2759 1658 2793 dicamus
1676 2758 1867 2794 hominem

628 2847 636 2863 ¹
656 2847 770 2882 sacuam,
783 2847 819 2876 Ο.
860 2847 892 2875 In
913 2848 963 2875 the
982 2857 1061 2876 sume
1081 2854 1230 2883 sentence,
1243 2848 1316 2876 nster
1333 2848 1474 2876 felicitatis
1493 2849 1592 2877 Bucen
1612 2848 1697 2877 omits
1715 2849 1765 2876 the
1783 2851 1866 2877 word

590 2895 861 2971 “zozziehemm
872 2935 1050 2969 compatiens
1062 2941 1130 2971 epta
1143 2936 1319 2971 tenporibus
1332 2936 1445 2971 corpori
1457 2944 1510 2963 suo
1524 2936 1752 2971 pertinentibus:
1766 2935 1854 2965 MSS.
