2350 3580
626 699 695 744 378
862 701 1034 735 OPERIS
1060 700 1272 740 MAJORJS
1298 700 1424 734 PARS
1447 698 1668 733 SEPTIMA.

627 790 828 837 aliquando
860 803 932 828 non
965 791 1134 828 fuerunt:
1174 803 1263 838 ergo
1301 803 1384 828 cum
1418 801 1492 827 non
1532 801 1610 826 esse
1643 788 1834 836 elongetur
1868 787 1904 823 in

629 848 811 885 infinitum
846 849 895 884 ab
927 861 972 885 eo
1006 850 1103 896 quod
1134 860 1281 896 semper
1310 848 1387 890 suit,
1419 859 1490 883 non
1518 852 1574 883 est
1599 847 1787 893 proportio
1812 845 1905 881 inter

629 906 701 942 illa.
753 906 804 942 Et
835 907 917 942 ideo
946 907 1030 942 talis
1059 919 1117 943 res
1145 919 1219 942 non
1252 907 1387 952 poterit
1419 917 1491 941 non
1518 917 1621 941 esse:
1654 910 1691 940 et
1723 904 1818 939 istud
1848 909 1903 938 est

630 964 877 1010 receptibilius
904 965 1006 1000 omni
1033 976 1161 1000 eorum
1190 976 1285 1010 quae
1314 964 1372 1000 hic
1401 964 1584 1005 dicuntur.
1606 968 1645 998 et
1674 962 1758 997 ideo
1787 960 1905 1006 magis

629 1027 686 1058 est
704 1021 946 1068 conceptibile
961 1033 1071 1068 quam
1090 1022 1260 1068 indigens
1275 1022 1503 1068 probatione.

446 1086 567 1121 1·;1emity
585 1084 617 1112 οἱ
679 1078 790 1124 Quod
823 1086 946 1114 autem
981 1091 1037 1114 res
1070 1091 1165 1126 quae
1199 1090 1343 1125 semper
1376 1079 1444 1114 suit
1485 1083 1524 1113 et
1556 1078 1624 1113 erit
1657 1077 1707 1113 sit
1743 1074 1906 1111 infinitae

442 1121 578 1185 ξᾞεῖξξξε
630 1137 830 1183 potentiae,
857 1137 1089 1173 manifestum
1119 1142 1185 1173 est.
1236 1137 1334 1183 Quia
1359 1138 1387 1172 si
1410 1137 1455 1172 sit
1474 1136 1596 1172 finitae
1613 1134 1800 1181 potentiae
1817 1138 1904 1169 tunc

445 1194 470 1223 ²¹²
493 1194 548 1222 nime
629 1204 695 1229 sua
712 1194 877 1240 potentia
897 1201 951 1230 est
973 1194 1196 1241 imperfecta,
1214 1196 1301 1241 quia
1322 1194 1358 1230 in
1381 1194 1481 1230 omni
1501 1193 1603 1229 finito
1626 1197 1748 1239 potest
1765 1190 1903 1237 aliquid

444 1239 548 1267 mirer.
629 1251 727 1294 addi,
752 1258 790 1286 et
820 1263 929 1287 omne
954 1252 1206 1299 imperfectum
1234 1258 1290 1287 est
1314 1251 1527 1287 naturaliter
1552 1250 1756 1294 subjectum
1785 1253 1905 1284 muta-

630 1309 732 1351 tioni,
766 1310 830 1344 sed
866 1321 937 1344 non
972 1315 1027 1345 est
1057 1310 1232 1354 possibile
1262 1310 1348 1356 poni
1373 1310 1534 1354 aliquam
1566 1307 1807 1343 mutationem
1838 1305 1905 1341 nisi

630 1372 789 1412 ponatur
812 1368 937 1412 prima.
987 1367 1148 1402 Primum
1168 1368 1266 1402 enim
1290 1373 1346 1402 est
1370 1374 1455 1402 ante
1478 1366 1658 1412 posterius
1681 1363 1905 1401 naturaliter.

634 1424 683 1459 Et
701 1424 782 1460 ideo
799 1435 884 1460 cum
902 1425 1019 1470 prima
1039 1425 1196 1461 mutatio
1214 1425 1262 1460 sit
1281 1425 1376 1460 circa
1401 1435 1481 1460 esse
1504 1430 1541 1460 et
1562 1434 1634 1459 non
1652 1433 1740 1465 esse,
1758 1426 1907 1468 oportet

632 1483 732 1527 quod
750 1482 841 1519 haec
863 1483 911 1519 sit
932 1483 1117 1528 possibilis
1141 1483 1176 1518 in
1199 1494 1243 1519 eo
1264 1483 1363 1527 quod
1385 1482 1498 1517 habet
1522 1481 1725 1526 potentiam
1752 1480 1905 1515 finitam.

634 1537 708 1574 Sed
728 1538 817 1574 haec
836 1541 992 1574 mutatio
1012 1551 1085 1574 non
1103 1541 1202 1575 cadit
1221 1539 1256 1574 in
1281 1551 1325 1575 eo
1341 1539 1439 1585 quod
1463 1550 1607 1584 semper
1625 1537 1691 1574 fuit
1708 1543 1746 1574 et
1763 1549 1907 1583 semper

633 1595 700 1632 erit
715 1607 724 1638 ;
748 1603 972 1643 quapropter
990 1609 1054 1633 nec
1074 1597 1192 1633 finitas
1210 1597 1407 1643 potentiae.

449 1658 574 1701 infinite·
685 1653 778 1688 Item
798 1654 1032 1701 Philosophia
1057 1655 1176 1701 arguit
1199 1655 1309 1689 tertio
1325 1655 1373 1690 de
1392 1652 1675 1689 Consolatione¹
1695 1654 1765 1688 hoc
1785 1654 1905 1688 modo.

448 1703 619 1758 ”fl'ef‘infm'
636 1711 678 1745 1n
698 1712 797 1746 omni
817 1723 949 1757 genere
967 1712 1028 1747 ubi
1047 1713 1223 1758 reperitur
1247 1713 1497 1758 imperfectum
1524 1718 1652 1747 natum
1678 1717 1734 1746 est
1760 1711 1905 1756 reperiri

448 1768 557 1832 ἐξῇρε
636 1768 845 1814 perfectum.
911 1770 960 1805 Et
994 1771 1079 1805 ideo
1114 1771 1149 1805 in
1183 1782 1316 1816 genere
1352 1770 1536 1816 potentiae
1568 1775 1715 1815 oportet
1749 1768 1907 1814 reperire

634 1828 839 1873 potentiam
859 1826 1054 1872 perfectam
1077 1834 1272 1874 postquam
1299 1827 1550 1874 imperfectam
1574 1827 1779 1873 reperimus.
1834 1826 1907 1862 Sed

634 1884 835 1930 perfectum
848 1884 861 1905 ²
877 1891 932 1920 est
950 1886 1007 1920 cui
1025 1885 1112 1920 nihil
1132 1886 1246 1926 deest,
1265 1896 1331 1920 nec
1347 1886 1487 1930 aliquid
1505 1885 1592 1920 addi
1611 1890 1730 1930 potest
1745 1899 1752 1927 ;
1779 1895 1907 1919 secum

633 1943 721 1977 dum
740 1940 981 1978 Aristotelem
1001 1944 1110 1978 tertio
1131 1943 1370 1988 physicorum
1397 1949 1434 1978 et
1461 1944 1589 1988 quinto
1620 1942 1909 1988 Metaphysioee.

636 1998 686 2034 Et
720 1999 777 2035 cui
808 1999 898 2035 nihil
932 2000 1019 2036 addi
1061 2006 1183 2047 potest
1216 2000 1303 2035 illud
1341 2007 1396 2036 est
1430 1999 1636 2040 infinitum;
1678 1999 1765 2045 quia
1803 1999 1907 2035 finito

636 2058 737 2092 omni
770 2057 807 2092 in
837 2065 1014 2102 quantum
1050 2057 1272 2102 hujusmodi.
1299 2064 1422 2102 potest
1456 2058 1533 2093 fieri
1563 2058 1714 2100 additio,
1738 2063 1774 2092 et
1807 2057 1907 2093 aliud

635 2120 741 2150 extra
760 2115 857 2161 illud„
872 2115 1022 2161 intelligi
1042 2121 1172 2161 potest,
1225 2115 1383 2161 Oportet
1405 2127 1492 2160 ergo
1516 2116 1614 2160 quod
1641 2116 1805 2160 potentia
1828 2127 1909 2160 per-

635 2173 728 2208 fecta
755 2173 802 2208 sit
832 2172 985 2208 infinita.
1045 2173 1119 2209 Sed
1150 2174 1185 2208 in
1214 2175 1321 2209 rebus
1354 2174 1434 2209 aliis
1467 2174 1514 2209 ab
1549 2173 1617 2208 hac
1649 2184 1759 2209 causa
1794 2185 1907 2218 quam

635 2231 843 2276 quaerimus
871 2241 943 2266 non
970 2238 1023 2266 est
1050 2232 1216 2277 potentia
1240 2230 1401 2277 perfecta
1427 2237 1465 2266 et
1492 2229 1643 2268 infinita.
1667 2241 1756 2277 ergo
1781 2230 1816 2266 in
1842 2230 1910 2266 hac

634 2288 701 2322 erit
730 2287 812 2322 talis
843 2289 1019 2333 potentia.
1070 2288 1145 2324 Sed
1181 2290 1210 2324 si
1245 2289 1410 2334 potentia
1443 2288 1523 2332 ejus
1556 2294 1609 2322 est
1642 2288 1794 2330 infinita,
1823 2293 1910 2323 tunc

635 2347 792 2381 essentia
826 2351 880 2380 est
914 2344 1065 2390 infinita,
1098 2347 1185 2392 quia
1219 2347 1381 2391 potentia
1419 2357 1490 2380 non
1521 2345 1668 2380 excedit
1704 2346 1909 2381 essentiam.

637 2403 733 2438 Nam
761 2404 914 2438 essentia
937 2402 992 2438 vel
1014 2409 1070 2439 est
1097 2403 1259 2450 aequalis
1283 2403 1472 2449 potentiae
1496 2402 1553 2438 vel
1585 2403 1707 2449 major.
1759 2403 1809 2438 Et
1833 2403 1909 2449 jam

635 2461 776 2507 positae
799 2468 883 2496 sunt
908 2461 1243 2498 demonstrationes
1268 2462 1315 2495 ad
1341 2461 1410 2495 hoc
1439 2461 1473 2496 in
1498 2460 1551 2496 eis
1576 2472 1670 2507 quae
1701 2462 1799 2497 dicta
1825 2470 1910 2498 sunt

635 2519 683 2553 de
710 2519 899 2553 materia³.
952 2519 1190 2554 Manifestum
1228 2526 1282 2554 est
1320 2520 1427 2564 sgitur
1458 2519 1558 2564 quod
1593 2520 1752 2554 essentia
1778 2530 1910 2555 causae

636 2577 775 2622 primae
792 2582 847 2611 est
866 2576 1014 2612 infinita.

675 2671 680 2686 ¹
701 2670 810 2698 Conso-¹.
823 2671 1021 2706 Philosophum,
1038 2671 1083 2698 lib.
1100 2671 1137 2698 iii.
1153 2671 1243 2698 Prosit
1258 2681 1293 2698 x:
1316 2677 1323 2686 “
1335 2671 1428 2699 Omne
1443 2673 1521 2700 enim
1534 2673 1609 2706 quod
1629 2671 1824 2706 imperfectum
1845 2680 1910 2699 esse

637 2714 748 2745 dieitur.
766 2714 792 2741 id
807 2714 1003 2742 imminutione
1023 2715 1141 2749 perfecti
1160 2715 1354 2750 imperfectum
1368 2724 1432 2742 «esse
1452 2717 1623 2751 perhibetur.
1661 2716 1727 2750 Quo
1745 2715 1774 2742 fit
1796 2721 1825 2742 ut
1843 2716 1867 2742 si
1883 2716 1909 2742 in

636 2760 761 2794 quolibet
775 2769 881 2794 genere
895 2761 1088 2795 imperfectum
1103 2761 1169 2795 quid
1184 2770 1248 2789 esse
1261 2762 1399 2795 videatur,
1416 2762 1443 2789 in
1456 2771 1492 2789 eo
1505 2762 1661 2796 perfectum
1678 2770 1792 2795 quoque
1805 2762 1909 2794 aliquid

637 2812 704 2831 esse
724 2812 841 2831 necesse
866 2804 910 2832 sit.
951 2804 1072 2834 Etenim.
1092 2804 1268 2838 perfectione
1288 2805 1406 2837 sublata,
1427 2806 1503 2833 unde
1524 2806 1589 2834 illud
1614 2805 1692 2840 quod!
1716 2805 1909 2839 imperfectum

637 2846 802 2882 perhibetur
815 2847 940 2875 extiterit
954 2856 990 2874 ne
1006 2846 1072 2882 fingi
1088 2848 1200 2882 quidem
1214 2847 1327 2883 potest-¹

670 2888 682 2905 ²
701 2891 744 2916 Dr
755 2891 839 2923 Coelo,
856 2892 881 2918 ii.
897 2901 911 2924 4
926 2891 1030 2918 vta-adv
1043 2891 1119 2918 dour
1132 2889 1163 2918 αὖ
1175 2892 1260 2926 μηδὲν
1272 2891 1322 2926 ἕξω
1334 2891 1430 2922 λαβοῦ
1443 2891 1523 2918 αὐτοῦ
1536 2892 1654 2919 δυνατόν.

675 2933 685 2949 ⁹
706 2933 747 2961 CK
765 2934 820 2962 voi.
837 2935 852 2961 i.
867 2943 914 2968 pp.
933 2936 1065 2968 rag-148.
