2350 3580
734 745 742 750 ·
764 723 988 760 samu
1015 724 1452 758 EXPERIHENTALJS.
1677 730 1748 765 819

469 815 690 862 stupendum
705 826 818 864 asper
837 816 964 852 omnia
981 827 1078 863 quae
1093 815 1169 852 vidi
1189 820 1227 851 et
1243 815 1380 851 audivi.
1429 815 1628 860 Postquam
1648 812 1746 850 enim

467 871 540 910 hoe
566 872 720 909 intuitus
746 885 842 918 uum,
866 872 954 910 nihil
983 872 1053 909 fuit
1079 884 1165 909 meo
1190 872 1390 909 intellectui
1419 871 1565 909 difficile
1591 871 1641 907 ad
1669 882 1748 908 cre·

468 930 645 977 ciendum,
666 931 871 968 dummodo
899 929 1030 968 habirit
1057 937 1246 967 auctorem
1271 936 1425 967 eertum.
1477 930 1530 966 Et
1557 940 1605 964 ne
1632 928 1747 964 lateat

467 987 641 1024 Vestram
679 988 952 1031 nevere-fiam,
982 988 1055 1025 hoc
1092 988 1225 1024 accidit
1261 988 1299 1024 in
1336 987 1502 1034 partibus
1536 986 1747 1033 plantarum

468 1045 594 1081 divisis
625 1051 664 1082 et
694 1046 860 1082 localiter
888 1047 1080 1093 separatis.
1130 1046 1230 1082 Nam
1265 1046 1296 1082 si
1324 1044 1490 1081 surculus
1518 1045 1627 1080 unius
1658 1043 1746 1080 anni

467 1102 690 1150 suscipiatur
712 1105 777 1150 qui
801 1105 918 1140 oritur
937 1104 1050 1150 iuxta
1073 1103 1214 1140 radices
1237 1103 1364 1146 coruli,
1379 1109 1418 1140 et
1442 1102 1643 1139 secundum
1667 1102 1747 1149 eJus

469 1159 735 1208 longitudinem
774 1162 973 1205 dividatur,
1008 1168 1047 1198 et
1087 1168 1304 1208 separentur
1344 1165 1468 1207 partes
1508 1160 1646 1197 divisae
1681 1170 1748 1206 per

466 1219 629 1264 spatium
657 1219 804 1266 palmae
831 1230 899 1256 seu
929 1223 1090 1266 quatuor
1114 1220 1330 1266 digitorum,
1355 1224 1395 1254 et
1423 1229 1518 1254 unus
1546 1222 1668 1254 teneat
1697 1229 1748 1253 ex

468 1287 543 1312 una
557 1282 666 1322 parte
685 1275 941 1313 extremitates
961 1276 1118 1312 duarum
1136 1276 1305 1324 partium,
1322 1282 1362 1312 et
1379 1276 1471 1312 alius
1487 1287 1536 1312 ex
1553 1275 1624 1311 alia
1641 1280 1748 1322 parte

467 1332 645 1376 similiter,
671 1340 711 1370 et
738 1345 885 1380 semper
913 1340 1066 1371 teneant
1093 1334 1296 1381 aequaliter
1323 1341 1362 1371 et
1393 1333 1534 1376 leniter,
1563 1333 1617 1370 ita
1643 1331 1744 1380 quod

468 1391 564 1426 sieut
587 1395 711 1437 parta
735 1391 772 1426 in
795 1396 877 1428 toto
901 1391 1045 1428 fuerant
1074 1396 1204 1427 contra
1228 1403 1270 1428 se
1292 1392 1436 1439 positae
1463 1391 1514 1426 sic
1528 1395 1747 1442 ¹veneantur,

468 1446 564 1484 infra
594 1448 757 1495 spatium
787 1449 933 1485 dimidii
967 1447 1128 1484 milliaris
1155 1449 1331 1495 incipient
1363 1454 1490 1496 partes
1518 1448 1646 1494 virgae
1678 1447 1747 1483 sibi

467 1505 765 1553 appropinquare
779 1505 968 1553 paulatim,
986 1507 1052 1543 sed
1072 1506 1201 1543 fortius
1218 1507 1254 1542 in
1272 1506 1354 1549 fine,
1368 1511 1409 1542 ut
1426 1506 1578 1542 tandem
1597 1505 1749 1541 omnino

467 1568 686 1598 eonmnant
709 1568 748 1599 et
771 1563 845 1600 sint
869 1563 988 1606 simul,
1003 1563 1301 1599 extremitatibus
1325 1571 1451 1599 tamen
1477 1562 1747 1598 existentibus·

469 1621 631 1664 diversis,
649 1621 737 1667 quia
760 1632 827 1668 per
847 1621 1058 1657 violentiam
1082 1621 1325 1657 detinentium
1349 1621 1645 1667 praepediuntur.
1696 1621 1748 1656 Et

469 1677 541 1714 hoc
557 1684 615 1714 est
630 1678 738 1715 valde
752 1677 983 1715 admirabile.
1026 1678 1079 1715 Et
1094 1678 1178 1715 ideo
1199 1678 1330 1726 magici
1347 1684 1501 1714 utuntur
1515 1677 1586 1714 hoc
1604 1677 1749 1725 experi-

470 1742 609 1781 mento,
626 1741 664 1772 et
683 1736 814 1773 dieunt
835 1736 994 1773 carmina
1013 1736 1168 1780 diversa,
1188 1743 1225 1773 et
1248 1738 1401 1772 credunt
1422 1736 1523 1783 quod
1543 1747 1592 1771 ex
1614 1736 1749 1772 virtute

468 1793 671 1829 carminum
689 1793 786 1829 istud
808 1794 1013 1840 contingat.
1062 1794 1115 1830 Et
1130 1805 1203 1840 ego
1222 1794 1368 1839 neglexi
1388 1795 1552 1830 earmina
1571 1799 1608 1829 et
1628 1793 1749 1829 inveni

467 1860 565 1897 opus
588 1856 739 1887 naturae
764 1851 940 1887 mirabile.
990 1851 1042 1887 Et
1065 1852 1187 1887 simile
1213 1857 1271 1887 est
1299 1852 1347 1887 de
1375 1857 1548 1899 magnete
1575 1843 1614 1886 et
1641 1851 1748 1886 ferro.

472 1907 573 1944 Natn
595 1907 690 1944 sicut
715 1914 868 1956 propter
892 1907 1170 1945 similitudinem
1200 1915 1355 1945 naturae
1382 1918 1479 1955 quae
1503 1914 1560 1945 est
1589 1909 1626 1944 in
1653 1909 1748 1945 ferro

470 1969 510 2000 et
533 1971 716 2012 magnete,
742 1976 855 2001 unum
882 1965 992 2003 currit
1019 1967 1066 2002 ad
1094 1967 1208 2008 aliud,
1233 1967 1285 2002 sic
1310 1972 1366 2002 est
1395 1966 1475 2008 hie;
1510 1967 1608 2002 unde
1633 1966 1749 2003 virtus

470 2023 657 2066 annualis,
683 2034 779 2069 quae
807 2029 867 2060 est
897 2023 1022 2059 similis
1048 2023 1085 2059 in
1114 2029 1272 2070 utraque
1301 2030 1408 2071 parte
1435 2024 1594 2070 plantae,
1623 2029 1747 2059 movet

469 2090 535 2116 ω
565 2080 613 2116 ad
646 2079 952 2127 conjunctionem.
1003 2080 1117 2128 Quod
1150 2081 1182 2118 ai
1216 2081 1345 2118 debito
1379 2082 1492 2117 modo
1525 2087 1747 2129 aptarentur,

469 2145 726 2175 concurrerent
752 2138 787 2175 in
812 2132 1110 2176 extremitatibus
1137 2139 1232 2176 sicut
1261 2140 1299 2176 in
1327 2139 1450 2176 medio
1478 2146 1516 2176 et
1541 2139 1645 2176 citius
1654 2138 1681 2181 ⁸,
1707 2146 1747 2176 ut

470 2195 502 2230 si
527 2194 708 2232 subtiliter
730 2195 1000 2242 perforarentur
1023 2196 1279 2232 extremitates
1303 2202 1341 2232 et
1369 2196 1563 2233 transirent
1593 2196 1654 2232 fila
1683 2209 1749 2244 per

469 2251 660 2298 foramina,
679 2259 861 2300 quatenus
882 2252 919 2290 in
938 2265 1024 2290 aere
1042 2255 1352 2301 suspenderentur
1370 2255 1446 2290 sine
1471 2255 1747 2301 impedimento.

470 2310 523 2347 Et
546 2321 622 2347 non
646 2310 767 2348 solum
791 2311 862 2348 hoc
887 2318 943 2348 est
965 2311 1013 2348 de
1037 2312 1190 2348 surculis
1212 2313 1339 2354 coruli,
1356 2313 1421 2348 sed
1446 2312 1494 2348 de
1518 2311 1641 2349 multis
1661 2313 1748 2355 aliis,

469 2372 514 2404 ut
539 2368 577 2403 in
605 2368 785 2410 salicibus,
813 2375 851 2404 et
879 2369 1001 2404 forsan
1038 2369 1074 2405 in
1106 2369 1289 2413 omnibus,
1317 2370 1347 2404 si
1381 2370 1507 2407 debito
1538 2371 1649 2407 modo
1682 2382 1745 2418 ap-

468 2430 646 2462 tarentur.
695 2424 770 2462 Sed
801 2427 888 2473 quia
913 2427 951 2462 in
974 2427 1111 2463 talibus
1139 2427 1262 2473 aptius
1291 2429 1432 2474 cogitat
1461 2428 1603 2464 animus
1634 2438 1746 2474 quam

468 2482 634 2520 calamus
657 2483 801 2528 scribat,
817 2483 901 2520 ideo
926 2486 1145 2531 supersedeo
1162 2485 1212 2521 ad
1234 2491 1392 2532 tempus.
1444 2486 1519 2521 Hic
1535 2497 1607 2521 non
1628 2485 1747 2522 scribo

469 2540 537 2576 nisi
569 2541 757 2577 recitando
788 2541 887 2578 dieta
919 2541 1126 2589 sapientum
1159 2549 1197 2579 et
1230 2554 1325 2590 quae
1359 2543 1454 2579 sacta
1487 2549 1574 2579 sunt
1604 2543 1654 2579 ab
1686 2543 1747 2586 eis.

468 2609 627 2645 quorum
645 2599 788 2644 ingenia
805 2599 920 2644 magis
937 2600 1099 2635 admiror
1113 2611 1225 2646 quam
1243 2600 1419 2646 intelligo.

519 2654 573 2692 Et
593 2655 646 2691 sie
667 2654 801 2692 faciens
814 2655 923 2692 finem
948 2657 995 2693 de
1011 2659 1161 2693 seientia
1180 2659 1250 2693 ista
1265 2659 1545 2704 experimentali
1567 2659 1746 2703 absolute,
1761 2661 1894 2704 49121122-

468 2718 686 2750 convertam
715 2724 796 2750 am
826 2714 875 2750 ad
908 2710 1118 2751 utilitatem'
1137 2715 1355 2762 theologiae,
1383 2716 1479 2752 sieut
1509 2717 1546 2752 in
1578 2716 1658 2753 aliis
1686 2717 1746 2764 egi
1759 2701 1894 2771 2323..

468 2770 716 2808 consimiliter.
765 2771 860 2808 Cum
889 2783 977 2809 vero
1006 2772 1084 2818 jam
1118 2773 1318 2810 monstravi
1347 2774 1607 2820 proprietatem
1636 2774 1746 2822 hujus
1759 2771 1893 2836 gen-ss

615 2892 625 2907 ¹
638 2892 817 2927 mantibus,
830 2892 859 2926 J.
899 2892 930 2921 ln
946 2894 994 2921 tite
1008 2902 1084 2922 same
1098 2899 1237 2922 sentence
1250 2895 1279 2928 J.
1294 2895 1345 2923 has
1359 2895 1574 2931 propediantur.

610 2943 624 2960 ¹
641 2944 726 2972 eitius
739 2953 792 2972 om.
810 2945 839 2972 ln
850 2944 879 2978 J.

1915 3198 1957 3223 l
